4248 6596
289 471 331 536 84

853 471 1198 524 ΑΡΙΣΤΟΦΑΝΟΤΣ
1228 470 1429 522 ΟΡΝΙΘΕΣ.

289 629 358 704 τοῖς
382 625 509 704 Ὄρνισι
531 625 580 687 καί
602 624 682 702 μέγα
703 645 732 686 τι
754 625 965 703 διανενόηται.
1010 624 1057 701 ῶς
1084 625 1145 702 γὰρ
1168 623 1368 702 ἀδιόρθωτον
1390 624 1450 700 ἤδη
1474 623 1577 688 νόσον
1600 625 1657 700 τῆς
1680 620 1842 698 πολιτείας
1866 621 1985 686 νοσού-

252 751 257 762 ·
290 743 352 805 σης
375 727 424 790 καί
448 725 681 805 διεφθαρμένης
705 724 769 788 ὑπὸ
791 731 857 790 τῶν
880 728 1109 804 προεστώτων,
1132 723 1233 804 ἄλλην
1256 725 1327 789 τινὰ
1349 724 1513 790 πολιτείαν
1536 725 1712 803 αἰνίττεται,
1737 723 1860 787 ώσανεί
1875 739 1987 798 συγκε-

290 830 438 907 χυμένων
460 831 526 892 τῶν
549 827 776 891 καθεστώτων·
812 827 851 891 ού
873 829 975 905 μόνον
998 829 1033 891 δέ
1056 831 1169 904 τοῦτο,
1198 826 1281 892 ἀλλὰ
1303 827 1353 892 καί
1374 825 1413 890 τό
1436 831 1543 905 σχῆμα
1565 825 1647 890 ὅλον
1669 825 1719 888 καί
1740 825 1798 902 τὴν
1822 823 1933 904 φύσιν,
1962 824 1988 888 εἰ

210 1001 213 1008 ,
290 931 376 1008 δέοι,
405 928 615 1008 συμβουλεύει
643 927 861 1006 μετατίθεσθαι
889 930 972 1008 πρὸς
1000 930 1038 992 τό
1061 929 1220 1008 ἠρεμαίως
1244 932 1342 1007 βιοῦν.
1388 929 1437 992 καὶ
1458 928 1477 1006 ἡ
1500 927 1739 1006 μὲν-άπότασις
1762 926 1850 1003 αὕτη.
1894 928 1988 990 τὰδὲ
2022 1007 2025 1013 1

292 1033 370 1097 κατὰ
392 1034 476 1095 θεῶν
501 1031 674 1110 βλάσφημα
695 1029 882 1108 ἐπιτηδείως
907 1029 1115 1113 ᾠκονόμηται.
1153 1034 1272 1095 καινῶν
1295 1030 1357 1108 γάρ
1380 1045 1462 1110 φησι
1477 1033 1535 1108 τὴν
1552 1029 1647 1093 πόλιν
1663 1031 1878 1107 προσδεῖσθαι
1893 1031 1987 1104 θεῶν,

291 1131 602 1214 άφροντιστούντων
631 1135 688 1209 τῆς
716 1131 875 1210 κατοικίας
905 1133 1046 1211 Ἀθηνῶν
1075 1135 1141 1198 τῶν
1169 1131 1275 1197 ὄντων
1303 1132 1354 1195 καὶ
1379 1133 1549 1210 παντελῶς
1579 1131 1842 1209 ἠλλοτριωκότων
1871 1129 1987 1208 αὑτοὺς

291 1239 348 1312 τῆς
376 1234 495 1313 χώρας.
525 1232 609 1311 ,ἀλλί
638 1233 656 1296 ὁ
685 1235 741 1311 μἐν
771 1233 911 1298 καθόλου
940 1235 1062 1312 στόχος
1090 1237 1256 1312 τοιοῦτος·
1299 1235 1439 1298 ἕκαστον
1462 1235 1497 1297 δέ
1523 1239 1590 1297 τῶν
1613 1233 1693 1296 κατὰ
1714 1233 1813 1311 μέρος
1836 1231 1894 1295 οὐκ
1914 1231 1987 1307 εἰκῆ,

292 1337 360 1399 ἀλλ’
383 1334 531 1413 ἄντικρυς
554 1335 730 1413 Ἀθηναίων
761 1335 897 1400 καὶτῶν
920 1337 995 1413 παρ’
1023 1335 1134 1413 αὐτοῖς
1162 1335 1427 1414 ἐγχειριζομένων
1456 1337 1495 1398 τά
1525 1335 1617 1400 κοινά
1639 1335 1762 1413 ἐλέγχει
1783 1334 1842 1411 τὴν
1863 1333 1987 1412 φαύλην

291 1438 451 1513 διάθεσιν,
485 1436 650 1514 ἐπιθυμίαν
679 1436 942 1516 έγκατασπείρων
970 1439 1039 1516 τοῖς
1068 1437 1244 1503 ἀκούουσιν
1274 1437 1498 1514 ἀπαλλαγῆναι
1526 1441 1585 1514 τῆς
1612 1436 1801 1513 ἐνεστώσης
1830 1437 1987 1513 μοχθηρός

263 1554 265 1562 ’
292 1539 465 1614 πολιτείας.
510 1537 690 1602 ὑποτίθεται
717 1539 779 1616 γὰρ
807 1539 879 1616 περὶ
907 1541 964 1603 τὸν
994 1538 1074 1617 ἀέρα
1095 1539 1206 1616 πόλιν,
1241 1542 1298 1617 τῆς
1320 1542 1380 1617 γῆς
1404 1537 1647 1614 ἀπαλλάσσων,
1682 1537 1765 1602 ἀλλά
1794 1537 1844 1599 καί
1873 1537 1988 1614 βουλάς

291 1641 342 1703 καὶ
369 1639 533 1717 συνόδους
562 1639 717 1718 ὀρνίθων,
751 1644 820 1718 ταῖς
844 1639 1020 1719 Ἀθηναίων
1048 1641 1282 1719 δυσχεραίνων.
1328 1639 1411 1703 ἀλλὰ
1434 1641 1483 1703 καῖ
1506 1619 1570 1704 δύα
1592 1639 1709 1715 παίζει,
1744 1637 1941 1714 ἐπίσκοπον,
1971 1639 1987 1714 ἢ

293 1742 626 1823 ψηφισματογράφον,
650 1743 669 1818 ἢ
692 1743 770 1820 τοὺς
795 1743 931 1821 λοιποὺς
955 1742 1109 1820 εἰσάγων,
1133 1741 1194 1820 οὐχ
1217 1741 1342 1822 ἁπλῶς,
1366 1741 1449 1805 ἀλλὰ
1470 1745 1586 1819 γυμνοῖ
1607 1741 1665 1818 τάς
1688 1739 1822 1805 πάντων
1845 1740 1987 1819 προαιρέ-

293 1861 379 1924 σεις,
415 1843 462 1922 ῶς
491 1843 752 1922 αἰσχροκερδείας
782 1844 891 1909 ένεκεν
918 1844 1168 1924 χρηματίζονται.
1212 1843 1270 1907 εἷθ’
1299 1844 1437 1923 ὕστερον
1460 1844 1568 1908 καὶτὸ
1591 1845 1678 1908 θεῖον
1701 1841 1746 1920 εἰς
1770 1841 1987 1920 άπρονοησίω

293 1948 449 2026 κωμῳδεῖ.
494 1945 534 2007 τὰ
562 1945 598 2008 δέ
626 1944 770 2023 ὀνόματα
791 1951 858 2011 τῶν
885 1946 1049 2025 γερόντων
1072 1945 1257 2028 πεποίηται,
1294 1946 1340 2024 ῶς
1368 1946 1395 2008 εἰ
1423 1945 1592 2023 πεποιθοίη
1615 1945 1727 2023 ἐ’τερος
1753 1949 1800 2026 τῷ
1824 1943 1924 2022 ἑτέρω
1945 1944 1989 2006 καὶ

294 2047 416 2111 ἐλπίζοι
438 2045 572 2110 ἔσεσθαι
595 2046 630 2109 έν
653 2046 801 2125 βελτίοσι.
845 2049 930 2125 τινὲς
954 2049 988 2111 δέ
1011 2064 1094 2128 φασι
1115 2047 1174 2112 τόν
1197 2049 1332 2126 ποιητήν
1347 2047 1406 2125 τὰς
1423 2047 1458 2111 ἐν
1473 2049 1544 2126 ταῖς
1559 2045 1751 2130 τραγῳδίαις
1767 2045 1987 2124 τερατολογίας

293 2149 328 2211 ἐν
351 2149 408 2225 μἐν
431 2146 543 2225 άλλοις
567 2147 759 2227 διελέγχειν,
787 2149 822 2212 ἐν
845 2150 881 2212 δέ
902 2153 972 2227 τοῖς
995 2153 1055 2214 νύν
1078 2151 1137 2229 τήν
1159 2154 1217 2228 τῆς
1241 2152 1260 2213 Γ
1262 2149 1488 2228 ιγαντομαχίας
1512 2150 1702 2227 συμπλοκὴν
1725 2147 1832 2214 Ιε’ωλον
1856 2147 1988 2227 ἀποφαί-

197 2294 200 2299 -
294 2271 362 2314 νων
386 2248 513 2326 ὄρνισιν
536 2248 636 2314 έδωκε
659 2251 869 2330 διαφέρεσθαι
890 2251 974 2329 πρὸς
997 2252 1094 2330 θεοὺς
1117 2251 1266 2330 περὶτῆς
1290 2250 1401 2329 ἀρχῆς.

378 2352 450 2414 Ἐπὶ
473 2351 612 2431 Χαβρίου
635 2351 671 2414 τό
695 2355 798 2431 δρᾶμα
820 2355 954 2429 καθῆκεν
978 2352 1022 2430 εἰς
1045 2351 1128 2417 ἄστυ
1150 2353 1202 2416 διά
1226 2337 1479 2431 Καλλιστράτου·
1517 2351 1562 2431 εἰς
1586 2353 1621 2416 δέ
1642 2351 1763 2430 Λήναια
1785 2351 1844 2415 τὸν
1870 2351 1988 2429 Ἀμφιά-

294 2474 375 2532 ραον
404 2452 526 2517 ἐδίδαξε
554 2453 606 2516 διὰ
635 2453 824 2518 Φιλωνίδου.
870 2455 962 2533 λάβοι
989 2455 1016 2517 δ’
1040 2453 1080 2518 ἄν
1107 2475 1155 2531 τις
1184 2455 1261 2533 τοὺς
1285 2454 1426 2533 χρόνους
1450 2454 1485 2518 ἐκ
1506 2456 1572 2518 τῶν
1595 2455 1712 2531 πέρυσι
1733 2453 1923 2532 γενομένων
1945 2452 1989 2516 ἐπὶ

294 2556 566 2632 Ἀριστομνήστου
586 2559 645 2619 τού
668 2556 733 2633 πρό
758 2554 906 2635 Χαβρίου.
953 2555 1113 2633 Ἀθηναῖοι
1135 2557 1196 2634 γάρ
1219 2557 1383 2634 πέμπουσι
1403 2557 1463 2634 τήν
1487 2555 1696 2632 Σαλαμινίαν,
1719 2554 1777 2618 τὸν
1802 2554 1988 2633 Ἀλκιβιάδην

295 2655 582 2734 μεταστελλόμενοι
610 2657 662 2721 ἐπὶ
689 2657 790 2735 κρίσει
820 2661 876 2735 τῆς
899 2663 966 2721 τῶν
988 2657 1172 2736 μυστηρίων
1195 2657 1404 2737 ἐκμιμήσεως.
1450 2658 1468 2721 δ
1491 2657 1527 2721 δέ
1550 2655 1622 2735 άχρι
1644 2657 1701 2735 μὲν
1724 2655 1867 2735 Θουρίου
1890 2655 1988 2719 εῖπετυ

295 2760 364 2834 τοῖς
395 2757 603 2836 μεθήκουσιν,
633 2759 752 2823 ἐκεῖθεν
783 2760 819 2822 δέ
848 2760 994 2837 δρασμόν
1024 2759 1246 2837 ποιησάμενος
1277 2759 1321 2839 εἰς
1344 2760 1605 2837 Πελοπόννησον
1635 2758 1827 2836 ἐπεραιώθη.
1877 2761 1933 2834 τῆς
1959 2759 1990 2820 δέ

296 2859 521 2937 μετακλήσεως
552 2859 702 2937 μέμνηται
730 2861 779 2923 καὶ
802 2860 1059 2942 Ἀριστοφάνης,
1095 2861 1312 2939 ἀποκρύπτων
1342 2863 1399 2939 μέν
1421 2861 1459 2925 τὸ
1482 2860 1597 2941 ὄνομα,
1620 2861 1658 2924 τὸ
1681 2862 1717 2923 δέ
1738 2863 1868 2938 πρᾶγμα
1889 2860 1988 2936 δηλῶν

296 2961 332 3024 ἐν
356 2960 407 3038 οῖς
430 2959 467 3034 γέ
490 2975 572 3038 φησι
596 2959 685 3042 (145.)
710 2965 883 3040 ἰίμηδαμῶς
904 2969 907 3036 ἰ
926 2962 999 3040 ἡμῖν
1015 2963 1104 3041 παρὰ
1119 2963 1288 3046 θάλατταν,
1311 2961 1354 3027 ἵν’
1370 2961 1578 3043 ἀνακύψεται,
1599 2961 1603 3045 1
1623 2961 1750 3042 κλητῆρ’
1765 2960 1882 3037 ἄγουσ’
1896 2960 1989 3024 ἕωθεν

296 3062 315 3139 ἡ
339 3061 551 3140 Σαλαμινία.”Δ
1131 3103 1140 3130 τ

1010 3221 1277 3231 -η--ῃ--η

601 3434 837 3504 1ΕΤΕΛΠΙΔΗΣ.
1148 3435 1151 3489 ἰ
1231 3437 1284 3489 τὸν
1297 3437 1392 3502 ἔποφ’,
1406 3437 1437 3500 δς
1450 3436 1527 3501 όρνις
1539 3436 1644 3499 ἐγένετ’
1656 3435 1686 3487 ἐκ
1698 3439 1759 3488 τών
1772 3435 1892 3501 ὀρνέων

367 3511 471 3576 Ὀρθὴν
485 3509 617 3572 κελεύεις,
632 3511 648 3576 ή
662 3512 696 3562 τό
709 3511 826 3576 δένδρον
838 3511 982 3578 φαίνεται;
1149 3502 1151 3541 t
1231 3513 1372 3566 κάπέδοτο
1387 3513 1440 3566 τὸν
1453 3513 1504 3578 μέν
1517 3511 1704 3578 Θαρρελείδου
1716 3513 1831 3564 τουτονί

584 3596 847 3648 ΠΕΙΘΕΤΑῙΡΟΣ,
1032 3618 1037 3629 ·
1232 3589 1345 3640 κολοιὸν
1358 3589 1471 3653 ὀβολοῦ,
1484 3588 1599 3654 τηνδεδί
1613 3588 1778 3653 τριωβόλου.

365 3661 551 3728 διαρραγείης·
572 3665 622 3729 ήδε
635 3665 659 3714 δ’
673 3664 708 3716 αὖ
721 3665 822 3730 κρώζει
835 3665 929 3720 πάλιν.
1002 3707 1004 3712 ,
1231 3664 1272 3714 τὼ
1285 3664 1311 3715 δ’
1322 3664 1375 3716 ούκ
1387 3665 1431 3729 ἄρ’
1442 3665 1534 3730 ἠστην
1547 3665 1631 3716 οὐδέν
1645 3664 1714 3716 ἄλλο
1728 3665 1804 3727 πλήν
1816 3662 1937 3714 δάκνειν.

299 3743 355 3791 ET.
365 3738 400 3802 τί,
415 3738 438 3789 ῶ
453 3739 563 3804 πονήρ’,
577 3741 637 3792 άνω
652 3739 729 3792 κάτω
743 3742 952 3804 πλανύττομεν;
1232 3740 1276 3790 καί
1289 3742 1340 3790 νύν
1352 3738 1380 3790 τί
1393 3740 1524 3805 κέχηνας;
1536 3739 1596 3791 ἐσθ’
1607 3740 1672 3792 ὅποι
1685 3738 1757 3791 κατά
1768 3740 1955 3802 τῶνπετρῶν
1974 3747 1995 3784 τι

366 3813 539 3877 ἀπολούμεθ’
552 3815 646 3879 άλλως
657 3819 711 3882 τήν
725 3817 793 3869 ὁδόν
806 3818 1040 3882 προφορουμένω.
1232 3815 1305 3878 ἡμεῖς
1317 3815 1359 3867 ἔτ’
1371 3815 1455 3878 ἄξεις;
1476 3815 1510 3867 ού
1524 3816 1578 3882 γάρ
1591 3817 1649 3868 ἐστ’
1661 3814 1785 3868 ἐνταῦθά
1796 3829 1837 3876 τις

298 3891 399 3944 nisse
411 3889 436 3939 δ’
446 3889 495 3953 ἐμὲ
508 3891 621 3964 κορώνῃ
635 3893 790 3956 πιθόμενον
802 3894 855 3945 τὸν
869 3893 965 3945 άθλιον
1126 3909 1137 3946 5
1232 3891 1304 3953 ὁδός.
1324 3891 1456 3944 Πῖλούδέ
1466 3891 1556 3955 μάΔί’
1565 3892 1687 3945 ἐνταῦθά
1696 3893 1722 3955 γ’
1731 3891 1858 3957 ἀτραπὸς
1867 3891 1993 3953 οὐδαμοῦ.

367 3964 434 4016 όδοιῖ
449 3967 607 4031 περιελθεῖν
620 3966 721 4019 στάδια
734 3970 816 4020 πλεῖν
829 3969 845 4033 ή
859 3965 939 4032 χίλια.
1166 3967 1248 4031 ΙῖΤή
1262 3969 1287 4018 δ’
1299 3967 1316 4030 ή
1331 3967 1444 4034 κορώνη
1457 3972 1509 4033 τῆς
1521 3969 1589 4020 όδοῦ
1602 3984 1629 4020 τι
1641 3969 1715 4033 λέγει
1727 3968 1803 4033 πέρι;

300 4043 357 4093 ΕΤ,
367 4041 401 4092 τὸ
414 4041 439 4092 δ’
451 4041 498 4105 ἐμέ
509 4045 612 4110 κολοιῷ
626 4044 780 4107 πιθόμενον
792 4045 845 4095 τὸν
857 4045 997 4109 δύσμορον
1166 4042 1264 4093 [ilion
1278 4041 1369 4094 ταύτὰ
1381 4042 1481 4106 κρώζει
1494 4044 1531 4108 μά
1543 4042 1598 4096 Δία
1611 4047 1663 4097 νύν
1675 4058 1707 4096 τε
1720 4044 1765 4097 καί
1778 4042 1854 4094 τότε,

366 4117 564 4182 ἀποσποδῆσαι
578 4119 644 4180 τοὺς
658 4119 762 4184 όνυχας
774 4124 833 4172 τῶν
846 4120 1003 4172 δακτύλων.
1165 4119 1221 4168 ΕΤ.
1232 4117 1259 4169 τί
1272 4118 1305 4181 δή
1319 4117 1395 4180 λέγει
1407 4120 1470 4184 περὶ
1484 4124 1535 4183 τῆς
1547 4119 1628 4182 ὀδοθ;
1663 4121 1723 4170 ΠΕ.
1736 4116 1763 4169 τί
1775 4117 1800 4168 δ’
1812 4116 1882 4168 ἄλλο
1895 4118 1952 4180 γ’ῖγ
1973 4125 1995 4163 τι

301 4193 430 4246 ΠΕ.άλλ’
442 4193 503 4245 οὐδ’
516 4195 589 4245 ὅπου
601 4199 653 4260 γῆς
665 4195 748 4258 ἐσμέν
763 4196 817 4249 οἷδ’
829 4195 914 4259 ἔγωγ’
925 4195 975 4248 ἔτι.
1232 4193 1364 4259 βρύκουσ’
1375 4194 1529 4250 ἀπέδεσθαί
1541 4194 1612 4262 φησί
1624 4211 1677 4260 μου
1688 4195 1756 4257 τοὺς
1768 4193 1939 4255 δακτύλους;

213 4313 215 4318 .
300 4270 358 4320 ΕΤ.
369 4269 512 4320 ἐντευθενί
525 4271 578 4334 τήν
593 4269 704 4336 πατρίδ’
716 4272 750 4322 ἂν
763 4271 883 4336 ἐξεύροις
897 4271 931 4324 σύ
945 4287 1013 4333 που;
1113 4283 1137 4324 ιυ
1165 4272 1221 4322 ΕΤ.
1232 4269 1265 4322 οὺ
1278 4269 1372 4322 δεινὸν
1385 4271 1436 4322 οὖν
1449 4272 1510 4337 δῆτ’
1522 4273 1599 4324 ἐστίν
1612 4272 1686 4336 ήμάς
1698 4270 1848 4334 δεομένους

300 4345 426 4398 Πῖλούδ·
439 4344 473 4395 ἂν
487 4345 524 4406 μά
535 4344 581 4398 Δί’
593 4347 634 4398 ἐτ’
647 4346 778 4399 έντεθθεν
793 4346 990 4412 Ἐξηκεστίδης.
1232 4345 1259 4408 ἐς
1272 4345 1392 4410 κόρακας
1405 4346 1496 4399 ἐλθεῖν
1510 4351 1554 4400 καλ
1568 4347 1857 4413 παρεσκευασμένους,

300 4421 358 4471 ΕΤ.
368 4419 449 4482 οἴμοι.
485 4421 546 4472 Ilii.
559 4421 594 4473 σὺ
608 4422 666 4486 μέν,
681 4421 704 4473 ῶ
717 4426 778 4486 τάν,
793 4423 846 4487 τήν
860 4422 928 4474 ὁδὸν
941 4421 1049 4488 ταύτην
1063 4421 1108 4478 ἴθι.
1233 4423 1330 4474 ἔπειτα
1344 4423 1379 4485 μή
1396 4423 1512 4488 ’ξευρεῑν
1522 4424 1657 4476 δύνασθαι
1669 4424 1723 4487 τήν
1736 4423 1816 4484 όδόν;

303 4497 360 4546 ΕΤ.
373 4497 388 4558 ἠ
403 4494 481 4546 δεινά
493 4494 534 4545 νὼ
548 4495 682 4562 δέδρακεν
696 4498 747 4550 οὑκ
759 4502 819 4549 τῶν
833 4497 950 4562 ὀρνέων,
1232 4497 1314 4562 ἡμεῖς
1324 4497 1386 4564 γάρ,
1401 4497 1506 4564 ῶνδρες
1519 4499 1544 4551 oi
1558 4499 1697 4564 παρόντες
1709 4498 1739 4551 έν
1752 4499 1839 4564 λόγῳ,
1976 4507 1998 4546 ω

369 4571 384 4620 ό
398 4571 600 4638 πινακοπώλης
613 4572 787 4639 Φιλοκράτης
800 4575 993 4639 μελαγχολῶν,
1233 4573 1320 4626 νόσον
1333 4578 1474 4639 νοσοῦμεν
1487 4576 1541 4641 τήν
1555 4575 1687 4628 ἐναντίαν
1700 4574 1789 4642 Σάκᾳ·

370 4646 400 4708 ὃς
410 4645 478 4699 τῶδ’
490 4647 597 4712 ἔφασκε
612 4653 672 4715 νῷν
684 4649 803 4716 φράσειν
815 4649 868 4701 τόν
880 4648 982 4715 Τηρέα,
1116 4663 1138 4702 15

303 4781 401 4786 ’““”“
858 4815 860 4818 -
1234 4782 1274 4833 16.
1302 4781 1465 4844 Suspectum
1482 4778 1512 4831 ἐκ
1530 4783 1590 4832 τῶν
1603 4779 1722 4844 ὀρνέων,
1748 4779 2000 4845 ηιιοόρττιείετετ-

371 4847 395 4892 ῖ.
421 4841 804 4908 ήδεδάύ]ήδεδίθοόαιιιε,
898 4849 920 4896 5.
936 4850 959 4898 7.
984 4846 1138 4908 πιθόμενον
1167 4849 1369 4913 spectationem
1387 4863 1436 4912 pro
1454 4846 1557 4900 ἐκτῶν
1570 4847 1734 4912 ἀνθρώπων
1752 4849 1856 4898 dietum
1870 4863 2001 4899 essem

302 4909 457 4974 Bentleius]
472 4912 641 4974 πειθόμενον
710 4917 733 4965 θ.
747 4914 808 4965 οὐδ’
820 4913 893 4965 ὅπου
903 4914 1059 4979 Daweeius]
1073 4915 1138 4978 οὐδέ
1167 4915 1238 4966 didit
1251 4916 1414 4978 scholiasta,
1428 4923 1580 4968 commento
1595 4923 1652 4968 tem
1665 4916 1760 4982 inepto
1773 4921 1805 4966 ut
1818 4916 1906 4966 mulio
1918 4915 1999 4966 credi·

303 4981 419 5032 itoiRV.
445 4978 510 5028 ούδέ
523 4983 561 5044 πή
577 4982 620 5031 vel
632 4980 699 5033 ούδέ
713 4984 768 5033 ποθ
782 4983 840 5035 aiii.
928 4986 968 5032 11.
981 4981 1026 5034 Δί’
1039 4983 1078 5033 ἐτ’
1091 4983 1136 5048 λλ]
1168 4983 1250 5034 bilius
1268 4985 1397 5035 videatur
1414 4985 1499 5034 verbe
1517 4985 1566 5034 illa
1587 4985 1809 5050 supplementum
1827 5001 1890 5035 esse
1908 4997 2002 5035 versus

302 5045 357 5100 Δία
370 5047 404 5109 γ’.
439 5047 525 5097 Recte
541 5049 665 5100 additum
682 5049 736 5112 ἔτι,
756 5067 838 5115 quum
852 5050 935 5114 piena
948 5053 1089 5101 sententia
1102 5053 1138 5101 sit
1168 5052 1281 5102 defecti.
1307 5049 1459 5116 ἄνθρωπός
1472 5053 1537 5102 ποτ’
1550 5053 1591 5103 ῶν
1604 5053 1730 5117 Koechly
1742 5069 1777 5102 ex
1789 5068 1816 5104 τ.
1830 5055 1871 5102 75.
1968 5053 2002 5100 19.

195 5137 199 5146 ’
303 5113 499 5166 Execesiidem
522 5117 551 5166 in
575 5117 639 5167 aliis
669 5119 778 5182 quidem
809 5119 968 5182 regionibus
996 5120 1139 5183 quibusvis
1167 5118 1411 5185 ήστην]ήστινΙί.
1438 5122 1484 5184 qui
1497 5118 1581 5186 ἰστην
1594 5121 1714 5171 voluisse
1727 5121 1848 5182 videtur,
1867 5119 2003 5184 quodne·

303 5186 377 5235 viam
390 5198 451 5233 esso
464 5184 647 5248 inventurum,
660 5185 792 5236 ἐντεῦθεν
805 5185 834 5235 δέ
846 5184 946 5237 ούκέτι.
976 5188 1139 5251 Minuspro-
1167 5194 1254 5237 moret
1272 5187 1432 5237 scholiasta.
1469 5189 1559 5254 ήστην
1584 5187 1792 5254 (ἰ.ε.ήδεῖτην)
1818 5205 1853 5239 ex
1874 5188 1927 5237 hoe
1949 5187 2004 5236 loce

303 5252 435 5304 habiliter
458 5247 504 5301 Δί’
516 5249 646 5302 ἐντεῦθέν
661 5255 688 5316 γ’
700 5253 734 5304 ἂν
748 5256 895 5304 l'ursonus.
931 5253 1139 5305 Infeliciueaiii
1169 5256 1256 5320 iltym.
1270 5257 1306 5305 M.
1320 5271 1346 5320 p.
1358 5257 1417 5306 438,
1431 5262 1499 5306 extr.
1581 5255 1724 5319 θαήδἼέ
1747 5253 2002 5320 ήδ’(γρ.ιταίούδ’,ι

303 5318 348 5372 Δί’
360 5319 533 5382 ἐνγετεύθεν.
557 5320 624 5368 Nem
638 5322 832 5387 particularum
844 5336 884 5383 γε,
898 5321 928 5372 δέ
941 5327 969 5372 et
982 5321 1033 5383 μέν
1047 5324 1087 5372 sie
1099 5324 1140 5372 in·
1169 5323 1193 5374 Γ.
1223 5322 1284 5374 οὐδ’
1296 5325 1391 5376 ceteri.
1414 5323 1467 5388 ήδη
1481 5322 1593 5388 κορώνη
1607 5323 1707 5387 legisse
1722 5323 1835 5374 videtur
1847 5322 2004 5377 scholiasta,

304 5389 502 5454 terpositarum
519 5389 644 5452 exempla
661 5390 738 5439 nulla
751 5391 925 5454 reperiuntur
938 5391 992 5440 nisi
1004 5391 1033 5440 in
1046 5389 1141 5441 formis
1169 5392 1215 5455 qui
1228 5392 1383 5452 annotavit,
1409 5390 1447 5452 ῶς
1470 5391 1523 5455 ήδη
1548 5389 1743 5454 φθεγξαμένης
1760 5389 1858 5455 αὐτῆς.
1891 5390 2005 5441 δύναται

304 5457 503 5508 vocabulorum
517 5455 546 5504 in
560 5451 631 5506 ἰῶτα
643 5456 781 5524 δεικτικὸν
796 5458 970 5520 exeuntibus,
988 5459 1066 5508 velut
1078 5472 1141 5508 του·
1168 5459 1213 5509 καὶ
1231 5457 1448 5522 ἐρωτηματικῶς
1468 5458 1512 5509 καῖ
1526 5457 1737 5522 ἀποφαντικῶς.
1761 5458 1837 5520 τινές
1849 5457 2005 5522 γράφουσιν

305 5522 366 5587 τογί
378 5521 492 5575 τουτοδῖ
505 5521 582 5585 ήδεδί
595 5523 707 5588 τηνδεδί
719 5523 887 5587 τουτουμενί
901 5531 928 5575 et
942 5526 1065 5590 reliquis.
1090 5526 1140 5577 Oe·
1169 5525 1345 5590 (τινέςδέἰῖ)
1364 5526 1428 5578 οὐδὲ
1446 5527 1463 5588 ἡ
1482 5525 1605 5592 κορώνη.
1632 5524 1660 5576 τί
1672 5526 1727 5590 δ’ῖγ
1746 5525 2003 5590 κορώνητήςόδού

306 5598 393 5642 terum
408 5593 537 5642 similiter
549 5590 678 5657 Δήμητρ’
695 5593 735 5644 ἐτ’
754 5596 782 5644 in
794 5591 933 5657 Δήμητρά
945 5593 972 5655 γ’
984 5599 1141 5660 corruptum
1169 5593 1243 5654 λέγει
1256 5593 1332 5658 πέρι;
1344 5597 1377 5647 D.
1391 5595 1419 5644 in
1433 5595 1475 5645 ed.
1488 5596 1582 5658 prime.
1618 5593 1646 5645 τί
1658 5592 1713 5656 δ’ή
1727 5593 1856 5660 κορώνης
1873 5597 1926 5656 της
1939 5593 2004 5644 ribei·

307 5665 349 5709 est
362 5661 454 5724 liquit.
467 5676 492 5710 ν.
506 5661 564 5711 698.
1168 5676 1195 5712 τι
1207 5659 1282 5724 λέγει
1295 5661 1370 5726 πέρι;
1385 5663 1550 5715 Meiuekius.
1619 5664 1660 5712 26.
1673 5659 1738 5726 μου]
1753 5675 1799 5724 μοι
1813 5662 1945 5734 Cobotes
