4372 6614
288 505 333 570 42
410 515 416 524 ’
722 507 777 558 ou
803 505 962 557 narare
992 505 1228 574 rossanum
1256 506 1543 559 soanrooaun.

290 665 419 724 metrum,
443 661 487 710 cui
504 659 734 726 antistrophicum
751 673 859 708 versum
876 661 1041 723 exaequavit
1058 659 1125 708 Her·
1154 657 1321 722 θαυμάσιον,
1342 658 1437 723 ἐπειδὴ
1450 657 1523 718 Ζεὺς
1536 659 1631 722 πατὴρ
1644 657 1815 722 Ὀλυμπίων.
1833 665 1862 709 et
1875 657 1986 709 ἐνάλιον

292 744 409 778 mannus
423 725 626 792 παραλλάξασα
638 729 667 776 in
679 725 884 790 repelleretur
896 731 1012 777 mutato.
1155 724 1200 778 καί
1212 740 1280 790 σφιν
1293 725 1436 792 θαλάσσης
1451 726 1575 792 ήχὲεντα
1591 726 1715 789 κύματα,
1734 726 1845 791 dactylo
1860 743 1925 777 vero
1938 742 1986 792 pro

351 799 390 846 10.
414 799 455 846 20.
489 795 745 860 Frequentissimae
770 801 834 846 sunt
858 795 963 846 formae
987 795 1125 860 proximae
1153 795 1284 846 trochaeo
1310 811 1365 845 non
1390 797 1478 860 magis
1506 795 1626 845 admisso
1653 809 1733 859 quam
1758 800 1911 858 anapaesto
1936 810 1986 860 pro

290 879 406 914 va--
425 863 430 927 Ι
450 882 603 925 σεύῃ,
623 867 779 914 elva--
798 862 802 927 Ι
824 881 994 914 σιμ..-
1012 877 1126 925 quarum
1153 864 1242 913 iambo
1263 865 1291 912 in
1313 864 1437 913 versibus
1457 863 1592 913 iambicis,
1615 862 1712 926 Neque
1737 867 1932 928 anapaestum,
1957 864 1985 911 iu

292 933 417 997 exempla
438 947 472 980 ex
494 932 608 996 tragicis
630 931 743 994 collegit
762 931 938 980 Hermannus
958 933 987 979 in
1010 945 1126 980 censura
1154 947 1233 996 quem
1256 931 1390 996 spondeos
1412 930 1523 981 insede
1545 931 1606 994 pari
1627 930 1788 994 frequenter
1807 930 1916 982 solvere
1937 944 1987 994 per

292 1015 376 1066 supra
397 1005 549 1050 memorata
572 1015 597 1064 p.
614 1001 671 1049 384.
685 998 758 1060 385.,
777 999 849 1048 inter
870 1013 942 1062 quae
963 998 1042 1064 plura
1063 1003 1127 1048 sunt
1154 999 1260 1048 numeri
1273 999 1359 1063 legem
1376 998 1492 1060 licebat,
1511 1013 1625 1061 usquam
1637 997 1815 1048 admiserunt.
1839 999 1907 1048 Post
1919 998 1986 1046 iam·

293 1083 363 1132 quae
378 1068 454 1117 arsin
469 1069 583 1132 primam
597 1067 714 1115 solutam
726 1065 861 1129 habeant,
880 1071 911 1114 ut
922 1081 1018 1116 versus
1032 1067 1126 1130 paullo
1154 1066 1310 1131 bograpbos
1323 1067 1375 1116 hoc
1387 1070 1472 1116 metro
1485 1065 1549 1115 inde
1562 1065 1598 1116 ab
1611 1066 1693 1130 ipsis,
1711 1072 1742 1116 ut
1753 1065 1877 1124 videtur,
1895 1066 1986 1130 poesis

275 1151 278 1160 ¹
291 1141 358 1184 ante
371 1141 538 1184 memoratus
551 1150 584 1183 ex
597 1133 694 1184 Aesch.
707 1133 782 1198 Sept.
796 1135 852 1184 140.
872 1133 917 1184 καί
932 1132 1035 1197 Κύπρις
1047 1131 1092 1182 ἅτ’
1101 1131 1127 1183 εί
1155 1135 1281 1184 scenicae
1296 1133 1449 1198 primordiis
1463 1135 1626 1198 saepissime
1639 1133 1667 1182 in
1682 1132 1823 1194 diverbiis,
1835 1133 1884 1182 ubi
1897 1135 1987 1182 conci·

289 1201 390 1265 γένους
403 1200 567 1266 προμάτωρ.
605 1201 700 1250 Altera
719 1201 807 1250 forma
825 1203 909 1250 etiarn
926 1201 1126 1266 Aristophanes
1155 1205 1240 1252 tatior
1252 1217 1340 1252 sermo
1355 1206 1442 1263 esset,
1460 1203 1504 1250 usi
1521 1208 1586 1251 sunt
1604 1202 1705 1265 tragici
1718 1206 1747 1250 et
1763 1201 1874 1264 comici,
1893 1199 1987 1251 formis

291 1285 358 1320 usus
372 1275 416 1320 est
427 1271 477 1324 Ar.
492 1271 550 1319 629.
563 1271 620 1319 630.
638 1266 801 1331 ἐπαυχήσας
813 1266 844 1319 δὲ
855 1271 927 1320 τοῖσι
941 1271 1001 1328 σοῖς
1013 1267 1107 1331 λόγοις
1121 1268 1124 1332 t
1155 1271 1182 1320 in
1195 1269 1341 1333 tragoedia
1358 1271 1514 1333 antiquiore
1530 1268 1629 1318 iisdem
1646 1267 1704 1318 fere
1718 1269 1817 1333 quibus
1833 1267 1988 1334 iambogra-

291 1333 472 1402 ἐπηπείλησα
488 1337 532 1386 καί
545 1335 709 1399 κατώμοσα.
734 1342 762 1386 et
775 1336 832 1386 arsi
849 1337 936 1401 prima
949 1337 1048 1386 sobuta
1060 1338 1125 1401 Lys.
1154 1337 1201 1402 phi
1212 1340 1256 1387 usi
1270 1341 1362 1400 erant,
1382 1339 1429 1386 sed
1443 1337 1536 1401 paullo
1548 1335 1722 1387 liberioribus
1740 1335 1815 1400 apud
1827 1335 1987 1400 Euripidem

294 1409 340 1456 127
346 1409 367 1459 l.
382 1405 457 1470 δεῦρ’
468 1403 506 1456 ’ἷθι
518 1401 602 1467 δεῦρ’,
623 1401 764 1466 ὦκυναγὲ
777 1403 910 1467 παρσένε.
1154 1410 1182 1455 et
1200 1405 1326 1455 comicos.
1355 1405 1484 1470 Aeschyli
1505 1403 1631 1469 exempla
1652 1409 1717 1454 sunt
1738 1399 1813 1454 Pers.
1837 1405 1987 1454 155-175.

236 1469 240 1478 '
342 1477 384 1524 21.
409 1474 565 1537 antispasti
588 1487 649 1520 cum
675 1470 814 1522 trochaeis
836 1473 976 1522 coniuncti
1001 1472 1126 1536 exempla
1154 1475 1453 1525 aro-atatoe—tee.
1471 1477 1499 1532 e,t
1517 1470 1661 1537 Sophoclis
1678 1471 1747 1521 Oed.
1764 1471 1795 1521 R.
1811 1473 1987 1521 tolo-1530.

292 1557 362 1606 quae
377 1547 455 1591 certa
472 1541 568 1589 baberi
587 1540 696 1604 possint
713 1538 789 1588 nulla
806 1545 870 1588 sunt
888 1534 988 1604 allata,
1006 1556 1059 1590 uno
1072 1541 1125 1590 for·
1155 1539 1227 1595 Phil,
1242 1542 1416 1590 rtet—1408.
1434 1539 1502 1590 Oed.
1522 1537 1552 1589 C.
1572 1540 1714 1590 est—890.
1730 1538 1850 1589 admisso
1867 1538 1913 1588 hic
1929 1539 1987 1588 illic

292 1615 367 1659 tasse
381 1607 543 1672 excipiendo
557 1606 688 1671 Aeschyli
701 1605 822 1671 Cboeph.
835 1609 893 1658 610.
906 1605 1050 1659 διανταίαν
1063 1605 1123 1660 bbu-
1155 1608 1307 1672 tribracho,
1329 1623 1463 1672 nusquam
1485 1612 1652 1673 anapaesto:
1679 1622 1743 1656 nam
1765 1621 1835 1671 quae
1853 1606 1924 1655 hunc
1940 1622 1988 1670 pe-

291 1675 392 1738 πευκὲς
404 1674 476 1740 ούτᾷ
494 1673 537 1740 (=
550 1673 608 1729 048,
623 1673 809 1738 προχαλκεύει
825 1672 850 1724 δ’
862 1673 935 1726 Αἶσα
948 1688 1126 1739 φασγανουρ-
1156 1675 1217 1724 dem
1230 1677 1364 1740 praebent
1376 1676 1513 1726 vocabula
1526 1675 1599 1740 apud
1612 1673 1776 1738 Aeschylum
1792 1672 1917 1738 γηραλέα
1930 1677 1987 1726 111.

291 1743 362 1807 γός),
376 1745 420 1793 cui
433 1742 579 1808 probabile
593 1746 636 1791 est
647 1744 859 1806 antispasticam
868 1758 1023 1794 mensuram
1035 1745 1126 1808 potius
1156 1749 1184 1794 et
1202 1741 1279 1807 ίερόν
1297 1745 1354 1794 745.
1377 1743 1549 1794 librariorum
1567 1743 1649 1807 eulpa
1666 1741 1796 1806 leguntur
1814 1757 1862 1806 pro
1878 1741 1988 1806 γηραλά

291 1827 352 1862 esse
363 1810 547 1861 adhibendam
555 1809 831 1874 quamdochmiacam
842 1825 901 1860 eum
912 1812 1126 1876 penthemimere
1156 1817 1184 1860 et
1197 1808 1267 1874 lpdv.
1285 1812 1375 1860 Tanto
1387 1811 1556 1876 frequentior
1565 1809 1720 1860 tribrachus
1733 1824 1788 1859 non
1801 1809 1887 1859 solum
1899 1811 1928 1858 in
1940 1825 1989 1860 sex

291 1878 421 1930 iambico.
452 1878 611 1928 Omittimus
629 1876 686 1928 alia
704 1877 739 1928 ab
756 1877 914 1929 Hermanno
932 1879 1002 1929 male
1019 1880 1073 1929 huc
1087 1895 1127 1929 re·
1156 1879 1249 1943 primis
1267 1877 1396 1943 pedibus,
1415 1878 1464 1928 sed
1481 1878 1565 1928 etiam
1582 1878 1611 1927 in
1625 1879 1755 1941 septimo,
1774 1881 1803 1927 et
1819 1881 1988 1942 anapaestus

290 1948 356 2001 lata,
1156 1945 1334 2010 insecundo,
1352 1951 1449 2012 quarto
1463 1951 1491 1996 et
1504 1951 1579 1995 sexto
1598 1945 1667 2010 pede
1684 1950 1727 1994 est
1743 1945 1817 2010 apud
1829 1945 1987 2009 Euripidem

342 2017 383 2066 02.
401 2013 558 2078 Cognatum
575 2015 739 2078 antispastis
756 2018 885 2076 metrum,
903 2016 980 2065 cuius
997 2015 1127 2079 frequens
1157 2020 1185 2064 et
1202 2016 1334 2077 comicos,
1353 2015 1400 2079 qui
1417 2014 1469 2064 hoe
1486 2021 1572 2064 metro
1590 2014 1751 2076 saepissime
1769 2013 1812 2061 usi
1833 2019 1911 2075 sunt,
1933 2012 1988 2061 nisi

292 2084 320 2131 in
335 2081 479 2148 tragoedia
491 2097 557 2133 ursus
569 2087 625 2145 est,
638 2081 880 2146 iachiorrhogieum
895 2082 1046 2148 appellavit
1060 2083 1128 2132 Her·
1156 2081 1228 2146 quod
1240 2082 1440 2146 Aristophanes
1453 2082 1482 2130 in
1494 2081 1620 2146 partibus
1635 2080 1788 2130 fabularum
1804 2080 1987 2144 gravioribus,

295 2165 411 2200 mannua
424 2149 510 2199 Elem.
524 2149 610 2200 doctr.
624 2155 702 2203 metr.
721 2165 745 2214 p.
758 2151 816 2201 234.
835 2149 907 2214 quod
926 2165 1023 2200 nornen
1040 2165 1127 2214 gram·
1157 2150 1254 2214 quales
1265 2154 1330 2199 sunt
1341 2147 1516 2214 ἐπιρρήματα
1527 2155 1555 2198 et
1567 2146 1795 2212 ἀντεπιρρήματα
1807 2148 1987 2198 Parabaeium

295 2219 389 2268 matici
409 2218 534 2267 trimetro
556 2217 751 2282 Hipponacteo
773 2217 936 2270 tribuerunt.
971 2218 1004 2267 ld
1022 2233 1127 2282 compo·
1157 2217 1241 2266 multo
1259 2219 1347 2267 rarius
1365 2217 1482 2282 pedibus
1499 2215 1653 2280 trisyllabis
1670 2230 1737 2265 ursus
1750 2221 1793 2264 est
1805 2230 1886 2279 quam
1903 2215 1930 2264 iu
1947 2220 1986 2264 te·

297 2285 778 2349 sitnmestexampbibraehocao
796 2284 1128 2346 (anacrusiettbesian-
1157 2285 1296 2334 trametris
1313 2284 1506 2335 diverbiorum.
1544 2283 1654 2348 Dactyli
1675 2283 1803 2348 exempla
1824 2297 1878 2333 non
1899 2297 1986 2346 pauca

295 2355 394 2419 cipite,
409 2353 465 2402 arsi
477 2358 568 2403 autern
581 2367 635 2402 non
648 2367 709 2402 raro
723 2351 824 2414 soluta)
839 2357 867 2402 et
880 2355 982 2403 cretico
995 2372 1013 2402 a
1025 2383 1043 2402 ο
1056 2393 1073 2402 -
1084 2353 1128 2402 vel
1157 2353 1230 2417 apud
1246 2352 1438 2416 Epicharmum
1460 2357 1572 2417 reperta
1589 2352 1675 2401 fuisse
1692 2350 1833 2414 videntur,
1856 2356 1986 2415 quantum

295 2422 412 2472 molosso
429 2441 447 2469 a
459 2464 478 2471 -
490 2457 521 2483 -,
541 2419 584 2484 (ut
596 2419 850 2484 iarnbographorum
870 2422 1021 2470 tetrametri
1038 2419 1128 2470 claudi
1158 2436 1191 2469 ex
1210 2420 1372 2484 fragmentis
1389 2420 1571 2484 intelligimus
1590 2418 1677 2482 (velut
1694 2433 1737 2483 ap.
1755 2419 1855 2468 Athen.
1872 2434 1898 2483 p.
1913 2419 1984 2468 3⁷4⁹.

280 2504 350 2538 ··πσπ
368 2489 483 2550 cretico,
502 2487 551 2538 sed
568 2487 685 2538 molosso
703 2487 848 2550 finiuntur,
865 2487 942 2538 reiut
959 2490 1019 2539 τῶν
1032 2487 1128 2539 καλῶν
1156 2489 1214 2548 τοῖς
1237 2485 1412 2549 Ἐλευσινίοις
1437 2486 1494 2553 (ναί
1515 2489 1608 2552 potius
1630 2483 1807 2548 Ἔλευσίνοις)
1830 2482 1985 2548 φυλάσσων

295 2554 324 2606 δ’
336 2555 419 2618 άψων
431 2552 581 2619 κράτιστον
594 2555 671 2618 καρίς
688 2553 719 2605 ἐκ
732 2553 834 2618 συκέης
846 2553 969 2620 φύλλου)
988 2571 1059 2620 qnae
1073 2571 1129 2605 cre·
1156 2553 1306 2618 δαιμονίως
1323 2553 1468 2607 ἀπώλεσα.
1491 2572 1518 2620 ρ,
1532 2553 1608 2607 asti.
1625 2552 1669 2604 καί
1688 2550 1800 2616 σκιφίας
1817 2551 1930 2616 χρόμιος
1947 2552 1984 2614 θ’,

295 2624 344 2672 tici
367 2625 471 2673 formae
494 2624 523 2673 in
546 2624 712 2672 carminibus
734 2623 944 2687 antistropbieis
971 2623 1127 2688 plerumque
1157 2620 1188 2684 ὃς
1201 2621 1232 2673 ἐν
1248 2627 1291 2688 τῷ
1309 2623 1354 2688 ῆρι
1370 2621 1477 2674 καττόν
1495 2619 1637 2684 Ἀνάνιον,
1655 2619 1772 2685 aliisque
1791 2622 1825 2670 ab
1847 2619 1984 2670 Meinekio

295 2692 348 2741 sibi
362 2689 539 2756 respondent,
552 2690 677 2754 exeeptis
690 2691 787 2755 paucis
796 2689 874 2752 locis,
888 2695 918 2738 ut
928 2691 1010 2754 Soph.
1019 2692 1126 2742 'laeta
1156 2692 1287 2741 indicatis
1301 2693 1414 2754 Quaest.
1426 2706 1500 2740 seen.
1513 2694 1537 2741 3.
1551 2707 1578 2756 p.
1591 2686 1658 2754 21),
1670 2689 1747 2738 πυίίιι
1760 2694 1825 2739 aunt
1836 2689 1909 2753 apud
1923 2703 1984 2752 poe·

294 2759 342 2807 ubi
355 2759 480 2809 versibus
496 2760 525 2806 in
543 2757 656 2822 stropha
673 2757 772 2822 positis
789 2753 805 2818 ἦ
821 2771 877 2807 που
890 2756 959 2808 ὀλοὰ
972 2756 1074 2823 στένει,
1091 2758 1095 2820 Ι
1111 2758 1127 2820 ἦ
1157 2763 1200 2807 tas
1213 2761 1321 2808 Atticos
1338 2765 1531 2824 praeterquam
1548 2760 1576 2807 in
1589 2757 1746 2807 nominibus
1783 2757 1895 2820 ropriia,
1912 2755 1985 2805 velut

295 2839 350 2876 που
364 2823 468 2876 ἀδινων
485 2823 599 2890 χλωράν
616 2826 644 2874 in
656 2824 833 2889 antistropha
850 2827 909 2875 851.
927 2825 1094 2890 respondent
1111 2822 1128 2874 δ
1156 2827 1221 2876 Eur.
1234 2826 1294 2891 lplr.
1307 2828 1339 2875 A.
1351 2827 1408 2876 882.
1422 2822 1461 2886 είς
1473 2823 1522 2890 ἄρ’
1538 2823 1700 2890 Ἰφιγένειαν
1712 2773 1823 2888 Ἔλάίής
1836 2822 1938 2883 νόστος
1950 2820 1985 2886 ἢν

295 2893 363 2945 τότε
375 2892 445 2944 θοόν
458 2891 572 2955 νύμφαν
588 2892 592 2956 Ι
608 2889 913 2953 άγαγεςάπάίπεινάς.
934 2892 1002 2945 Oed.
1012 2892 1042 2942 0.
1055 2895 1127 2946 1014,
1157 2892 1345 2958 πεπρωμένος
1378 2899 1406 2944 et
1422 2895 1512 2943 minus
1528 2891 1728 2944 excusabiliter
1741 2891 1787 2943 Or.
1803 2893 1877 2946 1535.
1890 2891 1984 2952 ξύγγο-

294 2959 422 3024 ἐρδουσιν
435 2960 456 3022 ,ἢ
475 2957 624 3022 μέλλουο’·
640 2957 644 3023 l
669 2957 709 3019 ὼς
725 2957 884 3023 προμνάπαί
900 2973 927 3010 τι
949 2975 994 3024 μοι
1009 2960 1014 3022 Ι
1028 2959 1128 3023 γνώμα
1155 2960 1208 3010 νόν
1219 2960 1250 3012 τ’
1262 2960 1332 3026 ἐμὴν
1340 2932 1477 3026 ίίυλάδην
1486 2974 1518 3012 τε
1528 2959 1581 3011 τόν
1590 2959 1657 3011 τάδε
1670 2957 1835 3024 ξυνδρῶντά
1845 2973 1900 3023 μοι,
1914 2958 1984 3023 quorl

294 3027 356 3092 τάχ’
368 3025 511 3080 ἐνδώσειν,
524 3047 559 3072 :a
572 3031 645 3078 1085.
655 3023 689 3076 tur
698 3025 927 3090 πάνταρχεθεύιν
940 3028 1026 3092 (θεῶν
1036 3043 1126 3078 ιποπο-
1155 3043 1254 3079 ποιπεπ
1271 3030 1354 3079 aliter
1370 3028 1505 3080 collocare
1523 3033 1633 3093 poterat
1648 3032 1732 3092 poeta
1751 3033 1799 3076 aut
1816 3043 1864 3090 pro
1883 3042 1914 3078 ee
1930 3023 1985 3089 τρί-

295 3096 415 3161 syllabo)
431 3096 435 3158 Ι
451 3093 602 3146 acerbare
612 3093 669 3146 Ζεῦ
681 3095 779 3157 πόροις
794 3096 799 3157 l
814 3097 864 3156 γᾶς
876 3093 961 3148 τάσδε
971 3095 1126 3159 δαμούχάις.
1155 3111 1206 3146 τον
1224 3097 1359 3160 scribere,
1383 3096 1453 3162 quocl
1472 3097 1592 3146 coniecit
1608 3094 1763 3148 Elmsleius.
1796 3095 1875 3146 Idem
1895 3094 1985 3144 dicen·

294 3164 508 3214 Accuratevero
523 3162 937 3227 sitirespondentTmch.aaa.
953 3161 1127 3228 πῶςγὰράν
1155 3165 1218 3214 dum
1232 3164 1265 3213 de
1279 3180 1362 3215 versu
1374 3165 1519 3230 Hermippi
1535 3163 1607 3229 apud
1622 3163 1793 3214 Athenaeum
1807 3163 1919 3228 ptam.
1943 3163 1983 3224 τῷ

294 3231 310 3281 ό
324 3231 361 3295 μὴ
375 3230 514 3282 λεύσσων.
530 3249 565 3274 =
576 3232 635 3281 839.
649 3228 753 3293 ἄμμιγα
770 3244 814 3280 νιν
827 3226 931 3283 οἰκίζει.
950 3232 991 3282 ΕΙ.
1006 3235 1062 3282 160.
1079 3229 1126 3281 όλ-
1154 3230 1285 3295 Διονύσῳ
1299 3231 1392 3284 πάντα
1403 3230 1548 3294 τάμαυτοῦ
1560 3229 1659 3292 δίδωμι
1676 3227 1814 3294 χρήματα.
1839 3227 1983 3293 Μητιόχου

295 3299 352 3362 βιος
369 3297 403 3350 δν
420 3297 438 3349 ά
455 3297 550 3349 κλεινὰ
569 3295 574 3363 ί
594 3299 630 3360 γά
648 3310 719 3348 ποτε
737 3295 919 3362 Μυκηναίων.
935 3319 968 3340 ==
988 3301 1042 3350 180.
1059 3297 1126 3349 οὔτε
1154 3314 1253 3350 nomen
1266 3300 1356 3350 sexies
1374 3300 1514 3365 dactylum
1526 3299 1641 3364 praebet
1654 3299 1682 3347 in
1699 3299 1789 3348 tribus
1807 3299 1910 3348 veteris
1923 3312 1985 3362 poe-

292 3365 347 3430 γάρ
360 3364 440 3417 ότὰν
454 3364 538 3432 Κρίσᾳ
553 3367 558 3426 Ι
574 3364 715 3428 βούνομον
726 3363 800 3428 ἔχων
810 3363 906 3433 ἀκτάν.
925 3364 1127 3420 lb.1208.etl’
1155 3371 1200 3416 tae
1224 3368 1321 3416 comici
1339 3369 1508 3418 tetrametris
1529 3367 1602 3432 apud
1619 3365 1694 3416 Plut.
1711 3367 1780 3418 Mor.
1800 3381 1825 3430 p.
1842 3361 1913 3415 811¹.
1931 3365 1986 3414 nisi

294 3433 328 3484 ού
341 3432 395 3483 τόν
411 3433 543 3497 Ἄρτεμιν
558 3432 563 3497 Ι
577 3431 631 3483 τάν
648 3430 708 3484 αίέν
721 3430 857 3496 ἀδμήταν.
870 3455 903 3474 =
922 3437 995 3485 1260.
1015 3431 1057 3494 τίς
1075 3431 1126 3484 ούν
1153 3433 1241 3484 altera
1265 3435 1382 3485 nominis
1403 3435 1491 3486 forma
1512 3432 1638 3498 Μὴτιχος
1660 3438 1703 3483 eat
1725 3432 1900 3483 restituenda
1924 3447 1985 3482 cum

294 3501 330 3552 άν
347 3497 784 3566 άξίαν1σοογ’ἀμπεφηνότος.
807 3500 954 3553 Phileas.
975 3500 1126 3566 φροντίδος
1153 3501 1292 3553 Elmsleio.
1318 3505 1394 3565 Quae
1408 3509 1518 3567 praeter
1530 3503 1640 3552 nomina
1652 3501 1764 3566 propria
1776 3500 1804 3550 in
1822 3501 1985 3551 comicorum

294 3568 361 3634 ὁρᾷς
383 3567 445 3633 ἤδη.
464 3589 498 3610 =
518 3571 577 3622 861,
604 3567 693 3620 ἐξιδοθ
715 3567 795 3629 όπως
814 3567 934 3632 πράξεις.
960 3576 989 3618 et
1008 3570 1125 3619 fortasse
1153 3569 1307 3620 Atticorum
1320 3571 1445 3620 versibus
1458 3572 1632 3635 reperiuntur
1644 3568 1769 3633 exempla
1780 3568 1883 3632 dactyli
1894 3569 1984 3618 omnia

294 3653 371 3687 uersa
385 3638 508 3702 proximo
521 3637 579 3687 836.
597 3635 668 3699 πρός
680 3634 707 3685 τί
721 3637 861 3699 μενοῦμεν
871 3636 1009 3700 πράσσειν
1020 3657 1054 3678 =
1065 3639 1124 3688 852.
1154 3638 1324 3687 librariorum
1335 3638 1472 3690 erroribus
1483 3638 1575 3688 deberi
1588 3637 1731 3686 uPorsono
1742 3636 1867 3686 inPraet.
1876 3635 1984 3685 adlice.

291 3703 377 3756 etoile
389 3704 442 3768 γάρ
459 3703 501 3754 ὧν
521 3701 661 3768 αύδῶμαι,
675 3705 698 3753 si
711 3705 741 3752 in
754 3705 868 3769 stropha
887 3703 1009 3767 μένομεν
1022 3705 1125 3755 scriba·
1153 3705 1265 3770 pXLV.
1275 3705 1316 3754 ita
1325 3711 1368 3756 est
1379 3705 1595 3756 demonstratum
1607 3715 1636 3754 πι
1645 3719 1699 3754 non
1710 3704 1747 3752 sit
1758 3719 1858 3768 operae
1870 3705 1985 3768 pretium

291 3779 410 3822 turcum
423 3772 616 3834 Errordnain
634 3772 809 3836 antistropha
826 3769 860 3821 δν
879 3769 1126 3836 ριοιίιναιιιποοτ-
1154 3771 1242 3822 ύοππο
1260 3772 1293 3822 de
1310 3774 1345 3824 iis
1363 3773 1426 3826 dici.
1450 3773 1586 3824 Nonnulla
1604 3788 1654 3837 ego
1672 3772 1731 3835 ipse
1749 3772 1851 3836 primus
1869 3770 1985 3830 correxi,

291 3845 398 3890 rectore
417 3839 521 3888 codicis
538 3839 635 3901 Laua,
657 3843 767 3888 retenta
784 3839 812 3887 in
829 3855 910 3888 versu
925 3842 1047 3904 proximo
1059 3841 1125 3889 seri·
1153 3839 1229 3889 velut
1245 3840 1329 3891 Arist.
1347 3841 1397 3906 Eq.
1414 3843 1473 3891 319.
1495 3840 1530 3904 νὴ
1549 3837 1604 3891 Δία
1620 3838 1695 3902 (libri
1711 3838 1862 3889 deteriores
1883 3837 1926 3889 καί
1948 3837 1984 3902 νὴ

291 3913 373 3972 ptura
393 3905 496 3956 codicis
516 3904 627 3970 τούτῳ,
649 3906 678 3954 in
698 3903 813 3956 τούτων
834 3911 940 3956 mutata
960 3908 989 3956 in
1011 3923 1125 3972 apogra·
1152 3904 1218 3968 Δία)
1236 3905 1305 3970 κάμέ
1323 3940 1367 3970 -,
1383 3909 1515 3959 restituta
1532 3923 1654 3973 apocope
1671 3904 1757 3969 νὴΔί
1773 3906 1818 3956 vel
1835 3921 1888 3956 ιιπο
1903 3921 1985 3956 roca-

292 3975 362 4040 phis.
382 3973 528 4038 Stropham
541 3973 676 4037 integram
688 3973 740 4023 hoc
753 3978 839 4024 metro
852 3975 963 4040 scripsit
973 3973 1124 4039 Sophocles
1151 3974 1214 4025 bulo
1231 3973 1307 4039 νηδί,
1330 3990 1402 4043 quae
1418 3976 1524 4026 usitata
1545 3979 1574 4025 ln
1589 3973 1750 4040 quotidiano
1767 3973 1843 4038 vulgi
1860 3988 1984 4024 sermone
2055 3975 2060 3983 “

291 4043 405 4093 111604.
1152 4043 1283 4093 formulae
1305 4044 1385 4093 huius
1408 4044 1597 4108 pronuntiatio
1619 4043 1705 4092 fuisse
1724 4042 1847 4104 videtur,
1874 4041 1908 4090 de
1929 4056 1985 4106 quo

325 4106 662 4172 ὠΠέλοποςάπρόσθεν
756 4109 928 4176 παγχρύσων
939 4108 969 4162 ἐκ
982 4107 1092 4175 δίφρων
1152 4109 1985 4174 gravissimaconstatHerodianiauctoritate,utinAnnot.

325 4176 490 4237 πολύπονος
503 4173 615 4240 ίππεία,
755 4176 901 4239 δυστάνοις
913 4175 1012 4239 αἰκίαις
1152 4177 1239 4228 Oxou.
1252 4194 1277 4244 p.
1290 4181 1350 4230 312.
1367 4178 1489 4244 ostendi,
1510 4179 1554 4228 cui
1571 4183 1674 4228 temere
1693 4176 1814 4227 oblocuti
1830 4185 1893 4226 sunt
1906 4175 1985 4226 Seid-

325 4243 365 4306 ιίις
377 4243 476 4309 ἔμολες
490 4241 571 4307 αίανὴ
755 4243 900 4310 πρόρριζος
913 4244 1066 4311 ἐκριφθείς,
1151 4245 1225 4296 λοιπε
1238 4245 1341 4311 aliique
1354 4245 1480 4296 futilibus
1494 4247 1607 4311 prolatis
1623 4245 1797 4296 coniecturis.

324 4325 341 4361 τ
361 4312 391 4364 δε
402 4327 420 4374 γ
442 4351 447 4364 .
754 4313 787 4364 οὒ
799 4312 828 4365 τί
840 4327 893 4363 πω
1202 4313 1434 4376 Quemadmodum
1447 4314 1546 4378 tragici
1558 4314 1586 4362 in
1596 4315 1706 4364 senario
1717 4317 1848 4364 caverunt
1859 4329 1891 4362 ne
1906 4313 1984 4378 quin·

326 4392 392 4429 ευτε
404 4394 457 4445 γαρ
470 4377 486 4430 ό
500 4378 660 4439 ποντισθεὶς
754 4379 850 4432 ἔλιπεν
868 4379 898 4431 ἐκ
915 4381 997 4433 τοῦδ’
1011 4379 1092 4433 οἴκου
1152 4385 1195 4430 tus
1208 4382 1317 4433 iambus
1329 4385 1363 4432 ab
1377 4381 1484 4446 syllaba
1499 4381 1581 4446 longa
1591 4381 1666 4430 finali
1679 4381 1807 4431 vocabuli
1817 4380 1985 4445 polysyllabi

326 4444 468 4510 Μυρτίλος
480 4445 613 4512 ἐκοιμάθη
754 4447 917 4510 πολύπονος
930 4447 1013 4504 αἰκία,
1077 4444 1081 4452 ’
1150 4449 1299 4514 inciperet,
1322 4450 1355 4499 de
1373 4465 1426 4514 quo
1444 4462 1527 4512 supra
1545 4449 1602 4498 dixi
1615 4465 1640 4513 ρ.
1653 4451 1698 4511 87,
1716 4451 1758 4497 ita
1774 4449 1859 4499 iidem
1871 4464 1984 4514 operam

292 4513 359 4563 Cum
378 4517 478 4566 cretico
495 4517 662 4580 interposito
679 4513 746 4580 τᾷδε
762 4517 799 4580 γᾷ
816 4520 844 4566 et
862 4517 895 4566 ού
911 4515 939 4568 τί
956 4531 1002 4567 πω
1017 4533 1124 4583 οοιπρα-
1151 4515 1286 4566 dederunt
1311 4532 1346 4566 ne
1370 4517 1453 4566 tertia
1477 4518 1633 4566 tetrametri
1657 4516 1794 4566 trochaici
1818 4516 1928 4580 dipodia
1953 4519 1985 4564 in

291 4583 348 4631 rari
365 4587 457 4647 potest
474 4584 520 4636 Tr.
538 4585 596 4634 654.
620 4580 732 4633 ttetoo'
750 4581 755 4648 Ι
774 4580 922 4634 ἐπιπόνων
939 4583 1058 4648 ἁμερᾶν,
1075 4586 1123 4634 ubi
1152 4583 1288 4647 syllabam
1305 4583 1416 4634 finalem
1433 4583 1562 4635 vocabuli
1580 4600 1613 4633 ex
1637 4583 1761 4648 pluribus
1778 4583 1894 4648 syllabis
1911 4598 1984 4632 corn·

290 4651 319 4699 in
332 4650 507 4716 antistropha
519 4653 577 4700 062.
594 4651 696 4700 excidit
715 4652 833 4702 creticus
850 4653 897 4716 qui
914 4653 998 4702 verbo
1013 4651 1124 4704 raraoo’
1151 4651 1234 4715 positi
1252 4653 1353 4714 exiret,
1372 4653 1448 4701 utin
1466 4653 1530 4701 Eur.
1550 4651 1613 4704 Hel.
1633 4652 1708 4700 1028.
1726 4647 1808 4714 οἷπερ
1825 4651 1842 4714 ἡ
1860 4649 1922 4714 δίκη
1939 4665 1984 4702 κε-

290 4717 445 4781 respondit,
474 4720 576 4769 cretico
597 4734 663 4767 vero
685 4715 792 4781 ἁμερᾶν
813 4719 964 4784 respondet
988 4721 1123 4770 molossus
1152 4717 1227 4768 λεύει
1239 4716 1279 4780 μ’,
1299 4716 1532 4782 ἀλλ’ἀφίστασθ’
1544 4715 1684 4782 ἐκποδών,
1697 4719 1745 4768 ubi
1757 4716 1983 4782 dqlorao’recte

288 4804 307 4834 a
319 4815 337 4836 o
349 4826 369 4834 -
382 4783 428 4850 ιἐπί
441 4783 599 4848 προφάνσει
612 4783 704 4849 θηρός.
1150 4787 1274 4836 restituit
1292 4787 1439 4839 Personus.
1466 4785 1571 4838 Comici
1588 4802 1651 4837 vero
1667 4786 1747 4839 huius
1767 4786 1879 4851 regulae
1897 4787 1924 4834 in
1940 4791 1982 4834 te·

339 4853 381 4902 De
400 4853 528 4903 versibus
545 4853 835 4908 iambico-trochaicis
852 4855 927 4905 infra
946 4855 1054 4906 dicetur
1075 4857 1123 4906 ubi
1152 4855 1291 4904 trametris
1307 4869 1362 4904 uon
1379 4855 1467 4920 magis
1484 4871 1564 4920 quam
1577 4855 1605 4903 in
1618 4855 1734 4905 senariis
1746 4853 1831 4904 ullam
1848 4853 1982 4904 rationem

290 4919 323 4971 de
337 4923 423 4970 metro
437 4920 575 4972 trochaice
588 4925 693 4987 agetur.
1149 4921 1312 4974 babuerunt.

1200 4988 1322 5040 (laesura
1334 4994 1397 5055 post
1411 4989 1549 5055 dipodiam
1563 4990 1717 5041 tetrametri
1733 4990 1882 5041 secundam
1900 4994 1982 5040 tanta

329 5076 358 5133 7.
389 5076 433 5134 De
449 5081 537 5133 metro
554 5078 701 5135 trochaico
719 5084 885 5136 tetrametro
901 5085 929 5135 et
945 5082 1080 5136 trimetro.
1150 5055 1298 5124 diligfflfia
1310 5063 1341 5107 ut
1353 5059 1387 5108 ab
1401 5059 1621 5138 iamb⁰gf⁸li¹¹i⁸t
1639 5059 1678 5106 ita
1697 5059 1730 5108 ab
1748 5058 1863 5139 “⁸3¹9ss
1880 5063 1923 5108 θεῖ
1935 5058 1983 5138 ‘’i''

1150 5131 1272 5190 serrata,
1295 5132 1326 5175 ut
1344 5126 1397 5176 duo
1414 5131 1521 5176 tantum
1538 5126 1659 5177 violatae
1684 5126 1809 5191 exempla
1828 5141 1858 5175 ιπ
1880 5125 1983 5174 fabulis

338 5189 567 5254 Antiquissimam
583 5194 663 5242 metri
681 5193 816 5244 trochaici
835 5194 949 5243 formam
961 5207 1070 5244 versum
1082 5199 1122 5244 te·
1149 5194 1344 5256 superstitibus
1357 5194 1538 5258 reperiantur,
1551 5194 1704 5244 temerariis
1719 5198 1829 5242 tentata
1842 5194 1981 5243 coniectu-

287 5262 448 5308 trametrum
462 5257 653 5308 catalecticum
666 5274 727 5310 esse
742 5261 890 5326 perhibent
902 5261 1078 5326 grammatici
1150 5259 1200 5323 ris,
1219 5261 1336 5311 alterurn
1349 5260 1479 5326 Aeschyli
1497 5262 1573 5312 Pers.
1588 5263 1644 5310 164.
1662 5259 1753 5311 ταῦτα
1771 5275 1816 5324 μοι
1833 5259 1917 5324 διπλῆ
1935 5259 1981 5321 μὲ-

431 5345 449 5376 a
470 5325 982 5392 holauvlahvtaoz,
1149 5327 1227 5390 ριμν’
1245 5326 1392 5392 άφραστός
1413 5327 1490 5378 ἐστιν
1512 5327 1543 5379 ἐν
1563 5325 1677 5392 φρεσίν,
1700 5327 1815 5378 alterum
1837 5327 1982 5392 Sophoclis

288 5394 366 5444 cuius
388 5395 536 5460 purissima
557 5395 644 5444 forma
661 5395 855 5447 Archilochum
876 5395 1002 5460 aliosque
1019 5397 1121 5447 iambo·
1148 5395 1219 5444 Phil.
1235 5397 1307 5450 1102,
1330 5395 1359 5446 Ν.
1370 5392 1394 5446 εί
1404 5395 1489 5459 δοκεῖ,
1503 5395 1668 5460 στείχωμεν,
1683 5395 1716 5450 Φ,
1730 5393 1897 5458 ὡγενναῑον
1907 5391 1982 5460 εἰρη-

287 5462 406 5528 graphas
423 5477 488 5512 usos
506 5477 566 5512 esse
586 5462 740 5528 fragmenta
762 5467 911 5515 carminum
932 5464 1046 5525 docent,
1068 5462 1121 5529 syl·
1149 5459 1206 5522 κὼς
1222 5461 1298 5525 ἔπος,
1323 5464 1428 5514 Comici
1445 5466 1501 5514 etsi
1518 5465 1616 5514 eadem
1633 5479 1747 5514 caesura
1764 5463 1923 5528 plerumque
1937 5465 1984 5512 uei

287 5527 351 5580 laba
365 5530 497 5594 cuiusque
507 5528 636 5594 dipodiae
649 5530 746 5580 ultima
757 5533 836 5584 modo
846 5533 924 5584 brevi
937 5531 1016 5582 modo
1029 5531 1120 5595 longa,
1148 5535 1224 5592 suut,
1242 5536 1334 5581 tamen
1348 5533 1506 5597 saepissime
1519 5533 1603 5582 etiam
1620 5531 1816 5596 neglexerunt,
1831 5537 1863 5581 ut
1874 5532 1982 5582 Aristo·

286 5598 394 5649 arsibus
407 5613 468 5648 raro
482 5597 579 5648 solutis
592 5598 619 5660 (i.
630 5615 653 5648 e.
666 5599 804 5651 tribracho
816 5601 906 5666 posito
919 5615 969 5665 pro
981 5599 1120 5662 trochaeo,
1147 5597 1253 5662 phanes
1264 5600 1293 5649 in
1306 5601 1394 5650 tribus
1406 5599 1539 5664 deinceps
1551 5601 1678 5651 versibus
1690 5600 1761 5650 Nub.
1775 5601 1919 5650 eor-609.

221 5721 224 5727 ,
285 5671 317 5715 ut
335 5666 364 5715 in
380 5680 464 5718 versu
482 5663 638 5716 Archilochi
661 5681 704 5732 ap.
724 5667 800 5718 Stob.
818 5669 891 5718 Flor.
909 5670 970 5730 110,
992 5669 1031 5717 11.
1054 5664 1120 5717 οὐδὲ
1199 5667 1373 5718 'tetrametro
1387 5667 1556 5732 acatalecto,
1574 5669 1633 5720 sire
1650 5669 1806 5728 octonario,
1825 5681 1905 5718 usum
1919 5681 1983 5718 esse
