4268 6602
170 1495 174 1502 ’
271 1495 904 1592 ΕΥΡΙΠΙΔΟΥ
972 1499 1679 1595 ΑΝΔΡΟΜΑΧΗ.

577 2224 646 2298 ΤΑ
673 2227 778 2300 ΤΟΥ
804 2225 1083 2300 ΔΡΑΜΑΤΟΣ
1110 2226 1367 2302 ΠΡΟΣΩΠΑ
1446 2315 1450 2320 ¹
1541 2241 1544 2247 “

680 2435 920 2497 ιηανοιυικιι.
972 2427 973 2437 ’
1020 2445 1186 2497 mmm.

681 2528 903 2582 ουολπιιιιλ.
971 2500 974 2580 ί
1020 2527 1177 2580 ττοοου.

681 2613 814 2664 πονου.
972 2589 974 2655 ί
1020 2613 1201 2668 omnm

682 2696 859 2748 υΡιιιοιιιι.
1020 2697 1200 2748 Ammon.

682 2782 895 2832 πυπυλιοπ.
1022 2780 1143 2834 ουτω.

681 2864 892 2916 πολοῑμοε.
942 2913 946 2922 ,
973 2824 975 2875 ί

1012 3137 1070 3145 -q-

786 3355 1152 3430 ΤΠΟΘΕΣΙΣ.

206 3555 231 3618 Ῐ.
278 3557 504 3638 Νεοπτόλεμος
533 3561 568 3626 ἐν
591 3557 690 3639 Τροίᾳ
718 3557 817 3637 γέρας
845 3559 954 3637 λαβὼν
981 3559 1039 3636 τήν
1062 3557 1298 3640 Ἀνδρομάχην,
1327 3559 1386 3635 τήν
1412 3561 1470 3621 τοῦ
1493 3557 1652 3636 Ἕκτορος
1674 3560 1819 3640 γυναῖκα,

118 3662 221 3722 παῶα
245 3657 351 3722 ἔτεκεν
375 3659 406 3726 ἐξ
429 3659 529 3738 αὐτῆς
550 3662 608 3726 τὸν
633 3659 824 3724 Μολοττόν·
861 3658 999 3737 ὕστερον
1023 3660 1058 3723 δὲ
1081 3657 1238 3736 ἐπέγημεν
1260 3657 1429 3737 Ἑρμιόνην
1452 3660 1510 3735 τῆν
1534 3659 1704 3722 Μενελάου
1726 3665 1818 3733 θυγα-

117 3760 204 3838 τέρα.
253 3759 341 3836 δίκας
372 3761 408 3824 δέ
434 3761 595 3840 πρότερον
623 3762 750 3845 ήτηκιῖις
776 3764 834 3838 τῆς
861 3760 1032 3838 Ἀχιλλέως
1060 3759 1262 3838 ἀναιρέσεως
1295 3761 1352 3824 τὸν
1387 3759 1422 3823 ἐν
1450 3759 1600 3840 Δελφοῖς
1629 3759 1820 3824 Ἀπόλλωνα

116 3863 218 3926 πάλιν
255 3861 396 3938 ἀπῆλθεν
429 3861 482 3926 ἐπὶ
513 3864 550 3926 τὸ
581 3863 777 3942 χρηστήριον
809 3861 1028 3943 μετανοήσας,
1063 3859 1119 3925 ἵνα
1150 3860 1207 3926 τὸν
1236 3862 1311 3925 θεὸν
1339 3860 1527 3938 ἐξιλάσηται.
1571 3862 1763 3938 Ζηλοτύπως
1792 3861 1820 3924 δ’

116 3962 250 4042 ἔχουσα
275 3963 360 4040 πρὸς
388 3963 446 4040 ’τήν
473 3963 694 4042 Ἀνδρομάχην
726 3963 746 4041 ἡ
776 3963 900 4042 βασιλὶς
935 3960 1124 4040 ἐβουλεύετο
1152 3963 1225 4025 κατ’
1252 3961 1350 4040 αὐτῆς
1378 3962 1518 4027 θάνατον
1551 3963 1819 4042 μεταπεμψαμένη

115 4066 175 4128 τὸν
208 4063 394 4129 Μενέλαον·
431 4065 450 4141 ἡ
481 4066 515 4128 δέ
544 4065 581 4127 τὸ
609 4064 736 4130 παιδίον
765 4065 822 4144 μὲν
845 4061 1051 4146 ύπεξέθηκεν,
1074 4063 1154 4141 αὐτὴ
1177 4065 1212 4126 δέ
1235 4063 1413 4142 κατέφυγεν
1436 4063 1489 4126 ἐπὶ
1510 4063 1547 4128 τὸ
1569 4063 1657 4141 ἱερὸν
1680 4068 1737 4141 τῆς
1761 4063 1819 4126 Θέ-

113 4169 220 4242 τιδος.
268 4163 298 4228 οἱ
326 4166 361 4228 δὲ
388 4166 462 4242 περὶ
483 4167 541 4231 τὸν
565 4166 734 4230 Μενέλαον
756 4167 866 4229 καὶτὸ
888 4164 1016 4229 παιδίον
1039 4163 1178 4242 ἀνεῦρον
1200 4165 1251 4228 καὶ
1277 4165 1400 4244 ἐκείνην
1427 4163 1651 4242 ἀπατήσαντες
1677 4165 1821 4242 ἤγειραν·

113 4269 167 4331 καὶ
197 4265 358 4346 σφάττειν
389 4267 561 4344 μέλλοντες
590 4265 798 4347 ἀμφοτέρους
826 4265 1037 4342 ἐκωλύθησαν
1057 4265 1196 4342 Πηλέως
1219 4266 1443 4344 ἐπιφανέντος.
1488 4266 1656 4341 Μενέλαος
1679 4267 1736 4342 μὲν
1759 4263 1819 4329 οὖν

112 4367 266 4446 ἀπῆλθεν
290 4365 334 4444 είς
351 4368 516 4450 Σπάρτην,
538 4367 688 4446 Ἑρμιόνη
712 4369 747 4430 δὲ
769 4366 962 4446 μετενόησεν
986 4365 1199 4446 εύλαβηθεῖσα
1221 4367 1279 4443 τὴν
1302 4365 1485 4444 παρουσίαν
1508 4369 1566 4430 τού
1583 4351 1819 4442 Νεοπτολέμου.

112 4466 388 4548 παραγενόμενος
417 4471 451 4534 δὲ
480 4468 499 4532 6
526 4469 681 4547 Ὀρέστης
709 4468 827 4545 ταύτην
854 4469 912 4547 μὲν
940 4466 1081 4543 ἀνήγαγε
1109 4467 1241 4544 πείσας,
1271 4466 1487 4548 Νεοπτολέμῳ
1510 4469 1546 4530 δέ
1569 4463 1819 4545 ἐπεβούλευσεν·

111 4571 152 4635 ὃν
176 4570 235 4634 καῖ
258 4571 458 4649 φονευθέντα
480 4574 631 4648 παρῆσαν
654 4569 684 4632 οἱ
706 4569 873 4648 φέροντες.
917 4569 1020 4646 Πηλεῖ
1046 4569 1081 4632 δέ
1103 4569 1251 4646 μέλλοντι
1272 4569 1330 4631 τόν
1353 4569 1467 4647 νεκρὸν
1489 4571 1618 4645 θρηνεῖν
1642 4567 1733 4643 Θέτις
1754 4567 1819 4630 ἐπι-

111 4674 269 4750 φανεῖσα
295 4674 410 4735 τοῦτον
434 4672 490 4750 μὲν
513 4669 664 4736 ἐπέταξεν
687 4671 723 4733 ἐν
745 4669 893 4749 Δελφοῖς
916 4668 1033 4752 θάψαι,
1061 4671 1119 4747 τὴν
1141 4671 1177 4733 δὲ
1200 4669 1420 4748 Ἀνδρομάχην
1443 4668 1489 4746 είς
1513 4667 1716 4745 Μολοσσοὺς
1739 4667 1818 4732 άπο-

110 4773 246 4837 στεῖλαι
268 4769 345 4848 μετὰ
366 4773 424 4835 τοῖι
446 4771 578 4854 παιδὸς,
602 4769 701 4836 αὐτὸν
725 4772 760 4834 δὲ
782 4768 962 4835 ἀθανασίαν
984 4771 1231 4848 προσδέχεσθαι.
1268 4771 1374 4848 τυχὼν
1397 4771 1432 4833 δέ
1454 4769 1571 4846 ταύτης
1593 4769 1639 4845 εἰς
1656 4769 1820 4847 Μακάρων

107 4873 247 4952 νήσους
269 4871 404 4954 ᾤκησεν.
1168 4931 1172 4943 „
1609 4857 1615 4868 ’

200 4973 250 5036 Π.
294 4975 329 5037 Ἡ
357 4975 414 5053 μὲν
437 4975 538 5054 σκηνή
568 4977 626 5039 τοῦ
650 4973 811 5053 δράματος
838 4976 936 5035 κεῖται
959 4972 994 5037 ἐν
1016 4972 1112 5056 Φθίᾳ,
1134 4971 1153 5035 6
1177 4975 1213 5037 δὲ
1235 4973 1335 5052 χορὸς
1358 4972 1555 5048 συνέστηκεν
1579 4970 1614 5035 ἐκ
1635 4971 1820 5036 Φθιωτίδων

107 5081 298 5156 γυναικῶν·
330 5075 514 5154 προλογίζει
536 5075 572 5140 δὲ
593 5075 800 5154 Ἀνδρομάχη.
843 5073 881 5136 τὸ
910 5074 945 5137 δέ
973 5077 1075 5152 δρᾶμα
1102 5078 1167 5138 τῶν
1190 5074 1363 5152 δευτέρων·
1398 5073 1605 5150 δπρόλογος
1628 5078 1747 5150 σαφῶς
1769 5073 1821 5134 καὶ

108 5183 271 5258 εὐλόγως
305 5178 484 5257 εἰρημένος·
517 5178 562 5242 ἐτι
590 5179 626 5241 δὲ
652 5177 702 5241 καὶ
730 5176 769 5239 τά
796 5174 920 5249 ἐλεγεῖα
951 5174 991 5238 τὰ
1014 5173 1048 5237 ἐν
1070 5179 1116 5255 τῷ
1138 5174 1246 5258 θρήνῳ
1269 5177 1326 5251 τῆς
1350 5173 1576 5252 Ἀνδρομάχης.
1621 5171 1723 5256 ἐντῷ
1747 5176 1818 5258 δευ-

107 5284 198 5366 τέρῳ
238 5281 326 5358 μέρει
359 5277 453 5358 ῥῆσις
475 5277 645 5357 Ἑρμιόνης
672 5278 710 5342 τὸ
739 5275 903 5356 βασιλικὸν
931 5273 1150 5356 ἐμφαίνουσα,
1179 5277 1230 5338 καὶ
1257 5274 1276 5338 6
1305 5275 1389 5351 πρὸς
1411 5274 1630 5352 Ἀνδρομάχην
1652 5271 1752 5349 λόγος
1780 5272 1820 5336 οὐ

106 5390 226 5460 κακῶς
256 5381 358 5460 έχων·
390 5378 426 5443 εὖ
449 5381 485 5444 δέ
507 5380 558 5443 καὶ
579 5379 597 5442 6
620 5378 748 5456 Πηλεὺς
769 5377 788 5440 6
811 5377 870 5454 τὴν
893 5375 1110 5454 Ἀνδρομάχην
1134 5375 1349 5455 ἀφελόμενος.

838 5701 1106 5712 .-.—---.-.——--
