4372 6614
850 550 948 603 vrrs
977 549 1197 606 assentur.
1856 550 1877 616 5

974 657 1039 664 ...-
1048 657 1182 662 .-...-....-
1187 657 1201 662 ..
1205 657 1277 663 ...—
1288 657 1345 662 .---
1798 655 1874 664 ιιι·-

190 700 281 756 αύτδν
295 704 332 768 μή
345 700 528 769 μεμυημένον.
563 705 631 756 item
643 707 729 756 totam
743 703 895 757 fabulosius
908 719 1021 756 exorna·
1048 703 1120 770 quod
1130 703 1306 755 falsissimum
1315 709 1367 756 est.
1384 704 1476 756 Nihilo
1482 703 1770 756 verisimilioriu'neris
1776 719 1877 756 caussa

190 777 256 822 runt
269 787 380 837 quorum
392 773 478 822 verba
495 772 530 822 ad
543 773 641 839 fragm.
654 775 696 824 83.
715 790 741 838 ρ.
757 774 813 824 106.
830 774 948 840 αρροοιιί
964 773 1021 822 He·
1048 776 1091 822 est
1104 785 1185 837 quam
1203 772 1237 823 ab
1255 770 1344 838 elegia
1357 771 1476 837 quadam
1489 771 1638 824 Simonidis
1656 775 1787 824 κοπιιαίίοι
1800 789 1878 840 repe·

191 838 313 901 raclides
325 841 455 892 Ponticus
469 839 541 906 apud
553 841 724 892 Eustrstium
739 840 774 891 ad
785 840 899 894 Aristot.
912 857 939 907 p.
951 842 985 892 40
995 857 1020 893 ιι.
1048 840 1143 892 tiviase
1161 843 1255 890 narrat
1273 841 1390 906 scriptor
1405 841 1489 890 vitae.
1527 841 1645 904 Quorum
1663 846 1877 892 commentorum

193 915 223 958 et
237 907 369 958 Aelianus
381 907 414 958 V.
428 908 464 964 Η,
482 910 564 972 δ,ῖθ.
598 907 890 974 ΕίΕαεῖιοιῖιιιιῖριο,
909 909 956 960 sed
974 924 1021 959 au·
1049 907 1202 958 venitatem
1220 907 1266 972 qui
1281 908 1350 959 bene
1368 909 1455 959 sensit
1468 907 1626 958 Boeekhius
1643 909 1671 958 iu
1682 908 1753 960 libro
1770 908 1804 960 de
1821 917 1878 962 tra·

191 981 270 1028 ctcre
282 992 336 1028 uon
348 976 501 1034 nominato,
521 977 624 1026 crimen
637 975 705 1027 illud
717 977 752 1027 ah
765 975 901 1040 Aeschylo
914 991 968 1027 nou
981 991 1021 1026 se·
1049 977 1120 1041 gicis
1133 981 1208 1026 recte
1221 975 1358 1028 iudicavit
1367 975 1530 1040 Aeschylum
1539 989 1594 1026 non
1603 976 1693 1028 videri
1704 982 1769 1027 ante
1779 976 1878 1043 olymp.

192 1042 255 1106 mel,
269 1043 318 1094 sed
328 1043 477 1094 identidem
485 1043 514 1094 in
524 1043 693 1095 diuersarum
702 1043 910 1110 tetralogiarum
920 1045 1023 1095 fabulis
1048 1045 1132 1107 77,1.
1151 1045 1179 1093 in
1196 1042 1317 1093 Siciliam
1335 1043 1441 1104 abisse,
1460 1059 1513 1109 quc
1529 1048 1651 1110 tempore
1669 1045 1761 1096 victus
1779 1047 1812 1096 ah
1830 1043 1878 1095 So-

192 1111 328 1176 quinque‚
346 1107 501 1175 Τοξὸτισιν,
519 1108 651 1176 ’ἰερείαις,
671 1110 787 1176 Σισύφῳ
806 1112 1021 1177 πετροκυλιστη,
1049 1110 1259 1176 phocleiureue
1278 1111 1393 1174 ορκον)
1428 1110 1499 1162 illud
1511 1127 1576 1163 vero
1595 1113 1684 1163 minus
1695 1111 1878 1177 probabiliter

194 1177 352 1244 Ἰφιγενείᾳ,
372 1175 511 1242 Οἰδίποδι,
532 1181 703 1231 commissum
716 1180 801 1232 fuisse
814 1180 940 1231 credidit.
969 1183 1022 1232 Ae·
1049 1179 1146 1230 sumsit
1157 1178 1321 1240 Boeckhius,
1342 1183 1449 1245 poetam
1463 1194 1599 1246 nunquam
1612 1181 1641 1230 in
1653 1181 1772 1246 patriam
1784 1195 1876 1238 rever-

192 1247 344 1298 cusationis
362 1251 467 1306 autem,
486 1246 510 1296 si
526 1261 644 1312 unquam
658 1247 748 1298 locum
765 1248 876 1310 hahuit,
895 1263 965 1313 quae
979 1263 1022 1298 oa-
1050 1262 1120 1311 sum,
1139 1245 1188 1297 sed
1201 1262 1250 1312 per
1263 1261 1350 1297 annos
1363 1247 1495 1299 tredecim
1508 1247 1536 1298 in
1550 1247 1645 1298 Sicilia
1659 1263 1718 1299 esse
1731 1263 1877 1300 commora-

193 1317 255 1381 pita
267 1316 352 1365 inisse
365 1317 518 1380 potuerint,
536 1315 692 1368 Lobeclrius
711 1317 739 1366 in
751 1316 938 1382 Aglaophamo
950 1333 975 1382 p.
990 1318 1021 1368 77
1049 1319 1120 1377 tum,
1138 1314 1224 1364 donec
1237 1313 1336 1380 olymp.
1349 1317 1393 1377 81,
1408 1317 1431 1367 1.
1450 1314 1521 1366 diem
1538 1329 1690 1380 supremum
1708 1315 1819 1378 obierit,
1839 1323 1878 1367 te·

191 1384 269 1434 -84,
288 1382 388 1448 aliique
400 1383 566 1434 coniecturis
577 1383 674 1447 valde,
694 1389 724 1432 ut
740 1384 795 1450 ipsi
809 1389 965 1442 senserunt,
983 1385 1023 1434 in·
1050 1382 1197 1447 tralogiam
1210 1387 1301 1432 autem
1314 1383 1468 1445 Oresteam,
1488 1397 1568 1448 quem
1582 1382 1697 1434 Athenis
1714 1397 1775 1435 esse
1788 1388 1878 1434 actam

194 1449 839 1570 initientibus:..illuit,it
857 1452 899 1570 iiu
913 1451 1023 1572 ‘illl
1050 1450 1878 1571 {stultitiis”tuebimini“uirtuti

192 1587 252 1638 308.
279 1585 432 1638 Absurdius
449 1592 492 1638 est
530 1586 584 1638 uod
601 1536 824 1638 Schneidergrinus
841 1535 942 1638 uirile
960 1589 1023 1639 teti·
1051 1533 1155 1637 misisse
1169 1587 1320 1646 absentem,
1338 1585 1408 1651 quod
1420 1601 1472 1636 nec
1484 1601 1533 1652 per
1545 1602 1574 1636 ee
1586 1586 1743 1651 verisimile,
1757 1602 1876 1654 nequeo

193 1655 236 1720 git
253 1653 287 1704 de
304 1601 622 1718 acaemetensium,
646 1659 759 1720 propter
776 1669 842 1720 quas
859 1655 1024 1720 Aeschylum
1051 1669 1186 1720 quoquam
1202 1653 1334 1704 traditum
1352 1660 1407 1717 est,
1432 1653 1487 1704 nisi
1507 1651 1567 1720 quis
1583 1655 1714 1721 ambigua
1735 1654 1879 1706 Plutarchi

194 1727 357 1772 accusatum
380 1721 466 1772 tuisse
483 1723 599 1788 Apsiues
621 1723 746 1773 narrarit
768 1722 807 1786 (in
824 1723 926 1775 Walaii
942 1723 1024 1774 Rhet.
1050 1721 1136 1773 verba
1148 1723 1177 1771 in
1190 1721 1263 1771 haue
1275 1726 1381 1786 partem
1392 1721 1569 1786 interpretari
1581 1723 1659 1776 velit.
1695 1719 1877 1775 verisimilior

192 1789 249 1842 vol.
267 1792 291 1843 θ.
312 1806 339 1854 p.
356 1787 428 1852 478.)
450 1805 563 1855 quocum
584 1791 782 1856 comparandae
801 1791 969 1856 quorundum
990 1790 1023 1842 de
1051 1789 1165 1854 Bergkii
1174 1789 1331 1840 coniectura
1341 1788 1435 1852 est(iu
1445 1791 1654 1840 Zimmermauni
1662 1791 1760 1841 Diario
1770 1807 1795 1842 a.
1803 1791 1877 1844 1835.

194 1857 277 1908 choro
295 1857 476 1908 Eumenidum
492 1857 631 1924 ineptiae,
652 1863 817 1910 memoratae
839 1875 856 1910 a
872 1859 1024 1924 biographo
1051 1857 1169 1909 iol-119.
1182 1873 1208 1922 p.
1221 1857 1290 1919 967.)
1307 1855 1472 1921 Aeschylum
1490 1871 1571 1922 quum
1588 1857 1687 1924 olymp.
1700 1860 1742 1922 77,
1754 1860 1779 1913 t.
1798 1857 1879 1924 Syra·

194 1925 243 1978 lin.
255 1927 297 1978 έθ.
320 1924 486 1991 Aeschylum
503 1925 704 1992 Pythagoreum
721 1926 807 1978 luisse
829 1926 915 1977 refert
928 1925 1024 1977 Cicero
1051 1940 1132 1976 cusas
1149 1940 1178 1976 se
1194 1925 1358 1976 contulisset
1380 1925 1416 1974 ad
1432 1925 1594 1988 Hieronem,
1616 1931 1758 1990 poetarum
1780 1925 1879 1977 studiis

108 2021 121 2040 .
195 1993 406 2057 Quaest‘l'usc.
421 1995 557 2057 t,10.tt.
575 1994 720 2056 incertam,
736 1999 767 2044 ut
783 1993 903 2054 videtur,
923 1995 1025 2046 famam
1052 1994 1149 2044 eximie
1162 1989 1363 2056 faventem'⁸),
1382 1997 1445 2058 post
1457 1991 1567 2058 aliquod
1579 1997 1700 2060 tempus,
1718 1986 1747 2046 et
1758 1993 1878 2046 fortasse

194 2065 320 2112 secutus:
348 2075 411 2112 nam
432 2060 511 2112 addit
535 2061 594 2112 “ric
616 2065 679 2112 enim
696 2065 874 2126 accepiruua.”
912 2063 1025 2114 Maioris
1052 2060 1160 2126 quidem
1172 2066 1277 2111 mortuo
1289 2061 1410 2111 Hierone
1423 2059 1523 2125 olymp.
1534 2061 1576 2123 78,
1586 2063 1611 2110 0.
1625 2061 1748 2113 Athenas
1760 2077 1821 2113 esse
1834 2077 1877 2112 re·

180 2123 328 2180 'momenti
348 2133 390 2180 est
410 2129 540 2194 Aeschyli
562 2129 595 2180 de
614 2130 668 2180 diis
685 2145 828 2195 rerumque
851 2135 950 2182 natura
968 2131 1024 2195 opi·
1050 2143 1171 2187 versum.
1189 2128 1281 2194 ibique
1299 2127 1407 2180 fabulas
1425 2128 1516 2194 plures
1534 2128 1675 2191 docuisse,
1698 2129 1797 2180 iterum
1812 2145 1879 2179 vcro

194 2198 291 2248 mones
303 2197 475 2262 cognovisse,
489 2213 558 2263 quas
570 2213 620 2263 per
633 2198 744 2248 fabulas
756 2200 923 2264 superstites
936 2197 1023 2264 perdi·
1052 2197 1149 2262 olymp.
1163 2198 1204 2261 80,
1217 2199 1241 2247 2.
1255 2195 1300 2246 vel
1311 2199 1335 2247 3.
1348 2197 1378 2246 in
1391 2196 1516 2246 Siciliam
1534 2195 1626 2246 abisse
1645 2197 1680 2247 ad
1698 2195 1810 2258 Geloos,
1828 2198 1879 2247 ibi·

195 2271 338 2330 laremque
350 2266 506 2330 fragmenta
517 2281 630 2332 sparsas
639 2265 796 2318 Klauseuus
805 2266 915 2332 collegit
928 2271 957 2318 et
971 2266 1024 2316 dis·
1052 2281 1103 2331 que
1116 2279 1188 2315 anno
1202 2265 1282 2314 tertio
1294 2269 1364 2330 post,
1384 2264 1485 2329 olymp.
1498 2265 1540 2326 81,
1555 2266 1577 2314 1.
1591 2269 1726 2317 mortuum
1739 2280 1811 2316 esse:
1826 2280 1878 2330 quo

196 2334 290 2398 posuit
300 2334 329 2383 iu
343 2333 548 2398 Τλαοίορωιιοοίι
557 2335 686 2398 Aeschyli,
701 2335 813 2386 Bonuae
826 2336 907 2386 editis
920 2337 1025 2386 ιιιῖθθθ.
1052 2337 1133 2398 pecto
1145 2332 1279 2382 facillime
1292 2331 1425 2397 explicari
1442 2335 1534 2398 potest
1552 2332 1623 2398 quod
1641 2332 1675 2383 ab
1693 2333 1823 2400 scriptore
1839 2335 1879 2382 vi·

246 2399 410 2468 Aeschylum
427 2399 531 2452 diutius
548 2403 575 2451 in
588 2401 684 2453 Sicilia
698 2410 890 2454 commoratum
907 2417 968 2454 esse
985 2405 1025 2452 te·
1052 2406 1099 2452 tae
1112 2399 1217 2466 duplici
1230 2400 1442 2450 commoratione
1454 2398 1545 2450 Sicula
1562 2401 1590 2449 in
1601 2415 1684 2450 uuam
1696 2401 1813 2452 contusa
1824 2407 1879 2451 tra·

197 2473 288 2520 statur
305 2468 466 2520 Athenaeus
482 2471 506 2520 θ.
523 2486 552 2535 p.
564 2471 614 2521 407
627 2485 648 2520 c.
668 2471 715 2521 ubi
731 2469 798 2532 τοὺς
817 2471 882 2536 περί
899 2467 1025 2522 Σικελίαν
1052 2469 1134 2532 ditur,
1146 2465 1239 2519 έλθών
1252 2493 1284 2504 -
1295 2465 1441 2530 ἐτελεύτα,
1458 2481 1510 2517 uec
1527 2467 1670 2518 Plutarchi
1688 2475 1822 2534 repugnat
1840 2475 1879 2519 te-

197 2537 401 2598 κατοικοῦντας
417 2535 580 2602 ἀσχέδωρον
602 2538 697 2589 καλεῖν
717 2537 768 2589 τδν
791 2539 915 2604 σύαγρον
936 2539 1023 2596 δοοοι,
1052 2538 1214 2597 stimonium,
1232 2536 1279 2600 qui
1291 2550 1373 2599 quum
1385 2534 1549 2598 Aeschylum
1561 2534 1660 2600 olymp.
1674 2537 1716 2600 77,
1729 2539 1754 2590 t.
1772 2537 1801 2586 in
1813 2535 1882 2586 Sici·

195 2605 284 2656 allato
301 2604 434 2670 Aeschyli
452 2620 485 2655 ex
502 2605 684 2657 Phorcidihus
702 2605 761 2657 loco
777 2605 822 2668 (ir.
840 2605 909 2671 aba.)
927 2609 954 2656 iu
973 2621 1025 2672 quo
1051 2604 1116 2655 liam
1133 2605 1224 2654 abisse
1247 2607 1402 2666 narrasset,
1421 2601 1529 2653 addidit
1549 2601 1622 2654 ὅπου
1643 2603 1688 2654 καί
1705 2601 1876 2669 τελευτήσας

196 2678 240 2726 est
252 2669 412 2738 ἀσχέδωρος
425 2671 479 2736 ώς,
492 2672 622 2739 additque
635 2671 678 2724 ὅτι
691 2673 720 2724 δέ
732 2671 869 2736 Αἰσχύλος
881 2670 1025 2740 διατρίψας
1052 2673 1116 2737 περί
1134 2669 1220 2723 Γέλαν
1238 2668 1390 2733 τέθαπται,
1410 2671 1511 2722 omissa
1532 2671 1638 2722 diserta
1658 2671 1763 2722 reditus
1780 2673 1809 2723 in
1831 2689 1878 2738 pa-

195 2739 228 2792 έν
240 2738 352 2804 Σικελίᾳ
368 2740 486 2804 πολλαῖς
503 2740 632 2807 κέχρηται
649 2745 758 2804 φωναῖς
774 2741 927 2804 Σικελικοῖς
943 2739 1025 2794 οὐδέν
1053 2745 1133 2800 triam
1150 2741 1268 2806 novique
1286 2739 1395 2790 itineris
1413 2739 1560 2790 mentione.
1595 2741 1637 2790 De
1656 2739 1758 2791 tabulis
1775 2740 1809 2790 ab
1826 2742 1879 2790 Ae-

196 2807 374 2872 θαυμαστόνι
394 2824 466 2874 quae
484 2811 589 2861 notatio
607 2810 726 2861 fortasse
744 2811 779 2861 ad
798 2809 928 2872 Αἰτναίας
941 2810 1025 2876 potis·
1052 2809 1145 2875 schylo
1163 2809 1192 2858 in
1205 2807 1301 2860 Sicilia
1318 2806 1400 2858 editis
1412 2810 1520 2857 tantum
1532 2807 1646 2870 scimus,
1665 2808 1804 2858 Aetnaeas
1817 2823 1879 2873 gra·

197 2878 293 2942 sianum
311 2881 435 2942 spectat,
458 2878 580 2928 fabulam
597 2879 626 2928 in
643 2877 705 2943 ipsa
722 2878 819 2930 Sicilie
840 2881 875 2930 ab
891 2878 1025 2943 Aeschylo
1053 2877 1203 2932 tillceutem
1216 2876 1330 2928 Hieroni
1342 2875 1485 2940 scripsisse
1498 2880 1621 2940 poetam,
1635 2874 1712 2926 cuius
1725 2876 1764 2927 rei
1776 2882 1877 2928 testem

198 2944 388 3010 compositam.
423 2946 493 2996 Nem
504 2945 533 2996 in
545 2946 740 3011 superstitibus
757 2954 856 3013 poetae
873 2946 1025 3013 tragoediis
1051 2948 1184 2998 hahemus
1196 2944 1388 3010 biographum,
1405 2942 1605 3008 Persarumque
1622 2941 1760 3007 tabulam,
1778 2943 1879 3010 olymp.

197 3013 417 3079 perditarumqne
437 3012 592 3064 fabularum
612 3015 775 3078 fragmentis
799 3015 868 3066 nihil
889 3021 932 3066 est
954 3015 1025 3080 quod
1052 3017 1092 3074 76,
1104 3007 1131 3069 i.
1149 3013 1265 3064 Athenis
1278 3013 1394 3075 editam,
1412 3013 1442 3061 in
1459 3009 1567 3062 theatro
1584 3009 1759 3076 Syracusano
1777 3013 1878 3078 repeti·

196 3081 306 3132 ratione
316 3081 384 3134 satis
395 3087 471 3132 certa
481 3082 534 3132 huc
543 3082 640 3134 referri
651 3085 745 3148 possit.
764 3084 900 3135 Disertius
911 3083 1024 3134 decom·
1051 3085 1138 3147 visse‚
1160 3082 1193 3132 de
1229 3097 1263 3132 uo
1281 3079 1365 3131 schol.
1380 3079 1471 3130 Aristo
1492 3079 1518 3129 h.
1537 3080 1608 3130 Rau.
1626 3080 1699 3131 1060.
1716 3077 1831 3132 δακούσι
1848 3077 1878 3132 δέ

197 3149 352 3200 moratione
369 3149 462 3200 Sicula
483 3151 672 3201 testimouium
694 3156 738 3202 est
753 3151 896 3203 Plutarchi
915 3151 944 3201 in
960 3151 1026 3200 Vita
1052 3149 1130 3202 οὗτοι
1147 3147 1174 3202 οί
1186 3097 1291 3214 Πέρσαι
1308 3145 1365 3199 bnt
1381 3148 1433 3198 τού
1451 3095 1591 3209 Αἰσχύλου
1608 3143 1763 3210 δεδιδάχθαι
1780 3145 1811 3198 έν
1828 3147 1879 3200 Συ·

199 3218 323 3268 Gimcnis
336 3233 358 3268 c.
371 3219 395 3268 θ.
407 3233 434 3282 ρ.
444 3219 495 3270 48³
510 3218 565 3282 δ’)
583 3217 702 3283 πρώτην
714 3217 894 3271 διδασκαλίαν
909 3221 961 3270 τού
975 3217 1025 3270 Σο·
1052 3217 1214 3284 ρακούσαις,
1232 3213 1445 3276 σπουδάσαντος
1460 3211 1598 3279 Ἱέρωνος,
1617 3213 1655 3276 ύίς
1667 3225 1754 3278 φησιν
1768 3213 1878 3280 Ἐρατο-

197 3283 339 3350 φοκλέους
355 3285 396 3338 ἔτι
412 3284 479 3338 νέου
497 3285 631 3349 καθέντος
648 3284 794 3352 Ἀψεφίων
815 3286 832 3340 δ
849 3285 958 3353 ἅρχων,
981 3300 1026 3350 φι-
1053 3285 1155 3352 οθένης
1164 3284 1195 3336 έν
1204 3277 1229 3348 γ’
1238 3283 1303 3348 περί
1312 3281 1478 3348 κωμῳδιῶν.
1492 3287 1520 3333 et
1530 3283 1648 3348 scriptor
1656 3283 1878 3348 vitaeAeschyli,

199 3349 339 3415 λονεικίας
352 3351 438 3416 οὔσης
454 3353 500 3406 καί
516 3369 556 3406 πα
592 3354 698 3416 τάξεως
715 3357 775 3406 τιῖιν
791 3356 915 3420 θεατῶν,
932 3353 1027 3418 κριτὰς
1053 3353 1140 3419 φασίν
1153 3351 1209 3405 ύπδ
1222 3351 1346 3417 Ἱέρωνος
1358 3349 1513 3402 ἀξιωθέντα
1522 3347 1679 3402 ἀναδιδάξαι
1691 3349 1758 3412 τούς
1766 3348 1879 3416 Πέρσας

200 3421 250 3486 μέν
264 3420 315 3473 οὐκ
328 3419 474 3487 ἐκλήρωσε
485 3425 537 3474 τού
568 3425 669 3486 γώνος,
682 3421 721 3484 ὼς
734 3423 764 3474 δέ
778 3421 872 3488 Κίμων
885 3421 1027 3487 μετὰτῶν
1053 3422 1083 3474 έν
1096 3419 1206 3487 Σικελίᾳ
1219 3420 1264 3472 καί
1277 3417 1339 3472 λίαν
1352 3417 1539 3483 εὐδοκιμήσοι.
1574 3418 1653 3482 Quod
1671 3419 1711 3470 sic
1724 3423 1768 3470 est
1777 3419 1880 3470 intelli·

199 3487 407 3555 usurpaturus
420 3489 569 3556 προελθών
587 3488 626 3552 είς
637 3490 673 3542 τδ
686 3489 805 3556 θέατρον
818 3490 973 3555 ἐποιήσατο
984 3493 1027 3555 τῷ
1054 3491 1184 3556 gendum,
1202 3488 1365 3553 Aeschylum
1381 3487 1526 3541 Persarum
1543 3486 1667 3538 fabulam
1684 3501 1739 3538 non
1755 3501 1815 3538 com
1833 3489 1879 3538 tri·

199 3561 258 3624 θεῷ
274 3557 326 3619 τὰς
343 3555 543 3621 νενομισμένας
563 3557 700 3622 σπονδὰς,
725 3557 777 3611 ούκ
798 3556 908 3622 ἀφῆκεν
925 3556 1028 3620 αύτούς
1055 3561 1105 3610 bus
1126 3557 1238 3623 reliquis
1252 3556 1376 3608 eiusdem
1395 3554 1560 3621 tetralogiae
1581 3554 1698 3618 fabulis,
1720 3555 1769 3606 sed
1793 3555 1881 3607 solam

199 3625 347 3690 ἀπελθεῖν,
366 3623 429 3678 ἀλλ’
444 3623 572 3691 ὁρκώσας
589 3625 730 3692 ἠνάγκασε
747 3623 855 3679 καθίσαι
876 3627 922 3680 καί
939 3629 1029 3691 κρῖναι
1055 3626 1217 3694 produxisse
1229 3627 1258 3676 in
1271 3625 1380 3676 theatro
1392 3623 1579 3688 Syracusano,
1597 3623 1626 3672 iu
1643 3638 1696 3688 quo
1714 3623 1896 3689 tetralogum·

200 3693 269 3746 δέκα
281 3691 380 3757 ὄντας,
396 3691 453 3746 ἀπὸ
465 3694 557 3758 φυλῆς
570 3697 632 3758 μιθς
643 3693 772 3746 ἕκαστον.
796 3692 875 3759 ὁμέν
887 3693 939 3746 cdv
950 3692 1029 3757 ἀγών
1054 3701 1086 3746 ut
1106 3693 1235 3755 Athenis,
1255 3696 1390 3743 certatum
1410 3706 1470 3744 esse
1493 3691 1528 3740 ab
1549 3691 1656 3741 nemine
1678 3691 1810 3742 traditum
1828 3696 1880 3751 est,

202 3763 248 3814 καί
260 3761 305 3814 διδ
315 3759 351 3812 τδ
364 3763 425 3814 τῶν
442 3765 545 3827 κριτῶν
561 3760 669 3826 ἀξίωμα
684 3764 738 3827 τήν
755 3759 916 3828 φιλοτιμίαν
933 3761 1029 3827 boeot·
1056 3763 1180 3826 idemque
1192 3761 1226 3812 de
1237 3758 1526 3812 Aetnaeis-dicendum
1544 3764 1595 3808 est.
1630 3759 1704 3821 Quot
1716 3764 1745 3809 st
1758 3773 1793 3824 qu
1851 3775 1880 3809 a·

203 3829 278 3894 βαλε.
300 3828 467 3893 νικήσαντος
484 3829 515 3882 δέ
529 3832 581 3882 τοῦ
599 3830 778 3896 Σοφοκλέους
795 3829 904 3894 λέγεται
920 3829 973 3881 τὸν
985 3828 1029 3882 Al·
1057 3831 1138 3882 bulas
1155 3835 1218 3896 post
1238 3828 1355 3879 reditum
1378 3843 1412 3879 ex
1429 3825 1493 3878 aula
1514 3827 1687 3892 Syracusana
1703 3825 1818 3878 Athenis
1870 3855 1881 3862 -

201 3897 322 3963 οχύλσν,
345 3899 485 3962 περιπαθῆ
503 3897 658 3961 γενόμενον
680 3898 725 3950 καί
742 3897 847 3963 βαρέως
868 3895 1029 3962 ένεγκδντα,
1056 3899 1141 3950 cuerit
1158 3913 1212 3948 non
1230 3901 1273 3948 est
1290 3897 1324 3946 ah
1338 3895 1478 3947 veteribus
1489 3893 1633 3960 proditum,
1649 3895 1673 3946 si
1685 3894 1719 3944 ab
1733 3897 1806 3944 tetra

202 3965 306 4032 χρόνον
319 3965 353 4017 ού
366 3965 457 4018 πολύν
470 3964 602 4033 Ἀθήνησι
619 3966 771 4031 διαγαγεῖν,
791 3966 844 4019 elr'
855 3965 979 4032 οίχεσθαι
996 3965 1031 4016 δι’
1057 3967 1173 4018 Orestes
1186 3965 1346 4016 discesseris
1363 3967 1391 4014 ct
1407 3962 1600 4025 Phorcidihus,
1616 3961 1648 4012 de
1666 3977 1719 4028 qua
1732 3961 1828 4013 iabula
1840 3963 1881 4013 ita

202 4033 291 4100 ὀργὴν
308 4031 347 4096 είς
363 4032 504 4098 Σικελίαν,
524 4033 597 4088 ὅπου
614 4035 659 4086 καί
675 4034 847 4100 τελευτήσας
864 4035 927 4100 περί
947 4033 1030 4085 Γέλαν
1056 4035 1177 4100 ίοηυῖῖαι
1190 4033 1348 4084 Athenaeus
1360 4031 1455 4084 uerbis
1466 4045 1549 4096 supra
1561 4029 1696 4096 appositis
1708 4035 1739 4080 ut
1752 4030 1823 4081 satis
1836 4044 1881 4097 ap·

201 4101 348 4154 τέθαιτται.
382 4102 525 4168 Duplicem
543 4104 576 4154 de
590 4104 695 4156 caussis
710 4103 818 4155 itineris
830 4104 916 4156 Siculi
932 4103 1030 4154 famam
1057 4103 1154 4170 pareat
1169 4117 1223 4153 non
1240 4101 1268 4152 in
1286 4100 1396 4163 Sicilia,
1413 4099 1463 4151 sed
1474 4098 1590 4149 Athenis
1608 4099 1738 4164 scriptam
1751 4097 1846 4148 fuisse.

202 4176 335 4222 memorat
347 4171 464 4235 scriptor
475 4171 549 4222 vitae
562 4187 644 4236 supra
653 4172 702 4221 liu.
713 4173 820 4224 37-41,
853 4171 933 4224 uibus
947 4172 1030 4222 tertia
1106 4172 1149 4222 De
1166 4177 1251 4220 morte
1264 4167 1394 4233 Aeschyli
1410 4182 1471 4218 cum
1487 4166 1635 4217 Plutarcho
1654 4165 1792 4216 consentit
1809 4181 1879 4215 mar·

204 4239 339 4307 quaedam
357 4237 463 4288 accedit
475 4237 579 4290 fluidae
596 4241 719 4290 narratio
737 4255 758 4291 s.
770 4256 797 4290 ν.
811 4188 960 4303 Αἰσχύλος,
979 4253 1029 4302 φυ-
1056 4255 1115 4292 mor
1129 4239 1239 4289 Parium
1257 4253 1282 4304 p.
1300 4238 1363 4306 30?u
1381 4238 1421 4287 74.
1445 4231 1581 4298 Αἰσχύλος
1602 4232 1618 4284 δ
1639 4232 1756 4298 ποιητὴς
1778 4231 1881 4296 βιώσας

201 4305 264 4370 γὼν
275 4304 306 4357 δέ
318 4303 358 4367 εἰς
370 4302 497 4358 Σικελίαν
513 4305 558 4359 διδ
575 4304 610 4357 τδ
626 4310 725 4358 πεσεῖν
741 4305 777 4358 τὰ
793 4305 866 4371 ἰκρία
877 4306 1030 4358 έπιδεικνυ-
1057 4306 1107 4371 έτη
1130 4305 1270 4359 runnu.
1293 4303 1478 4367 ἐτελεύτησεν
1500 4301 1530 4354 ἐν
1549 4300 1617 4367 Γέλᾳ
1636 4302 1687 4365 τής
1708 4297 1834 4363 Σικελίας
1848 4327 1880 4337 -

204 4373 290 4438 μένου
308 4371 409 4437 αὐτού,
428 4371 555 4439 χελώνης
571 4371 761 4439 έπιρριφείσης
777 4373 856 4439 αύτῷ
873 4374 930 4426 ύπδ
946 4373 1030 4426 deuoti
1057 4373 1193 4439 ἄρχοντος
1214 4371 1348 4438 Ἀθήνησι
1365 4368 1483 4423 Καλλίου
1503 4371 1555 4422 τού
1577 4366 1723 4434 προτέρου.
1753 4374 1781 4419 at
1801 4369 1882 4420 schol.

204 4441 343 4523 φέροντος
360 4440 431 4494 κατὰ
447 4443 498 4506 της
519 4441 644 4506 κεφαλῆς
660 4439 794 4495 ἀπώλετο
811 4441 885 4494 έτιῖιν
900 4435 945 4507 νη’
965 4443 1029 4505 (scr.
1056 4444 1141 4498 Arist.
1156 4442 1275 4492 Acheru.
1291 4443 1330 4492 10.
1346 4437 1530 4503 ἐτελεύτησεν
1543 4433 1702 4502 (Αἰσχύλος)
1720 4433 1767 4487 έπί
1783 4435 1882 4501 δρχον-

204 4511 255 4573 ξθ)
268 4508 428 4574 γενόμενος.
464 4511 604 4562 Tabulata
617 4510 716 4576 olymp.
731 4513 813 4570 70,1.
833 4511 957 4576 collapsa
969 4524 1030 4561 esse
1057 4523 1106 4570 τος
1120 4506 1238 4563 Καλλίου
1254 4509 1306 4560 τού
1320 4504 1390 4572 μετὰ
1402 4504 1566 4572 Μνησίθεον
1582 4501 1783 4569 (Μνησιθείδην
1800 4512 1883 4556 vocat

204 4581 268 4646 (quo
291 4582 412 4643 tempore
434 4579 548 4644 primam
572 4577 698 4630 docuisse
722 4578 844 4630 fabulam
867 4578 1031 4643 Aeschylum
1057 4579 1195 4630 Diodorus
1207 4579 1246 4640 il,
1257 4578 1310 4641 81.)
1323 4574 1437 4628 τούτων
1450 4574 1482 4641 (1.
1495 4591 1519 4627 e.
1531 4572 1629 4640 olymp.
1641 4574 1683 4637 88,
1693 4573 1729 4634 3.)
1742 4571 1882 4637 πρότερον

205 4645 303 4698 Suidas
316 4659 399 4712 supra
412 4645 530 4710 dixerat)
547 4646 621 4698 idem
633 4646 719 4697 tradit
735 4663 757 4700 s.
770 4663 796 4697 ν.
810 4643 965 4711 Πρατίνας,
984 4644 1030 4696 ἀν·
1057 4644 1177 4712 ἐνιαυτῷ
1199 4638 1232 4696 λ’.
1267 4643 1416 4695 Confirmat
1431 4643 1503 4694 hanc
1518 4642 1653 4691 rationem
1670 4640 1744 4704 quod
1761 4641 1883 4706 Aeschy-

203 4712 377 4780 τηγωνίΖετο
394 4711 424 4764 δέ
436 4711 566 4779 Αἰσχύλῳ
582 4728 615 4766 τε
630 4713 676 4766 καί
688 4711 806 4780 Χοιρίλῳ
824 4711 870 4766 iul
887 4711 1031 4796 iiiiii&
1058 4714 1112 4765 lum
1129 4715 1231 4780 olymp.
1247 4714 1293 4776 72,
1310 4717 1335 4763 3.
1356 4726 1445 4793 οιιιιοο
1465 4715 1559 4792 natum
1575 4709 1662 4758 luisse
1678 4709 1720 4759 35.
1738 4709 1884 4790 annotarit

203 4779 600 4913 subtitulatitatt
614 4780 861 4915 ‹iltuiiutti
878 4794 1031 4914 tibiis
1058 4775 1884 4910 sitisti?Attii:.l;i¹¹..l:i¹zl.⁸:³.ltttilt

204 4916 287 4984 ἰκρία,
299 4915 346 4981 ἐφ’
358 4913 400 4967 ιίιν
412 4915 569 4981 ἑστήκεσαν
580 4914 607 4969 οἰ
619 4918 725 4982 θεαταί,
739 4920 845 4969 πεσεῖν.
869 4917 914 4968 καί
925 4915 956 4968 έκ
966 4913 1030 4969 τού·
1058 4917 1245 4984 Gccttliugius
1256 4917 1285 4966 in
1298 4913 1523 4985 commentatione
1538 4911 1699 4962 academica
1709 4913 1792 4962 lonae
1806 4911 1883 4962 edita

203 5001 256 5039 του
273 4981 392 5049 θέατρον
408 4983 576 5050 ᾠκοδομήθη
595 4983 757 5052 Ἀθηναίοις.
766 4984 806 5050 ¹⁸⁸)
836 4986 914 5048 Quae
930 4987 954 5037 si
971 4986 1031 5051 quis
1058 5003 1083 5036 a.
1104 4987 1177 5038 leot.
1203 4989 1231 5036 et
1247 4985 1338 5050 quiin
1351 4984 1508 5034 universum
1520 4980 1554 5030 dc
1566 4980 1618 5030 hoc
1630 4979 1770 5031 fictionum
1783 4995 1883 5046 genere

203 5057 279 5106 inter
290 5069 319 5104 se
333 5055 540 5118 comparaverit,
554 5069 608 5105 non
620 5053 731 5104 difficile
740 5053 883 5104 intellectu
892 5060 935 5105 est
944 5069 1030 5120 gram·
1058 5054 1129 5104 dixit
1141 5053 1273 5104 Lehrsius
1290 5055 1318 5102 iu
1332 5047 1605 5102 commentationibus
1621 5046 1805 5100 miscellaneis
1822 5047 1884 5113 (Pc-

203 5123 336 5173 rnaticum
348 5120 479 5187 aliquem,
492 5121 566 5172 nulla
578 5121 675 5174 hahita
691 5128 841 5188 temporum
854 5121 973 5184 ratione,
989 5126 1031 5171 ta·
1056 5125 1148 5187 paldre
1161 5121 1302 5186 Ausadtze)
1315 5121 1430 5185 Lipsiae
1442 5116 1526 5167 editis
1543 5131 1568 5166 a.
1582 5115 1653 5167 rste.
1665 5132 1690 5182 ρ.
1702 5119 1761 5167 aot.

203 5190 361 5242 hulatorurn
373 5191 492 5252 ruiuam,
509 5190 586 5240 cuius
604 5205 700 5240 caussa
717 5190 796 5241 ludos
812 5190 936 5242 scenicos
948 5189 1031 5239 Athe·
1057 5218 1208 5225 --—---

204 5259 249 5309 nie
274 5271 398 5308 cessasse
422 5258 457 5309 ab
480 5259 587 5308 nemine
612 5257 744 5308 traditum
768 5262 823 5321 est,
848 5273 908 5309 cum
931 5258 1031 5308 itinere
1108 5255 1132 5324 *l
1151 5257 1191 5307 Ad
1204 5255 1287 5306 aliam
1300 5255 1435 5322 repulsam
1452 5251 1628 5304 referendum
1639 5251 1749 5304 videtur
1766 5251 1885 5316 quedex

205 5325 300 5378 Siculo
311 5324 441 5389 Aeschyli
454 5326 640 5386 coniunxisse,
662 5330 690 5376 et
703 5329 745 5376 ita
758 5326 867 5391 quidem
883 5341 911 5377 ιιι
924 5329 987 5392 post
999 5326 1031 5375 il·
1058 5325 1243 5392 Theophrasti
1254 5324 1299 5374 vel
1313 5321 1534 5374 Chamaeleontis
1548 5320 1618 5372 libro
1630 5320 1694 5384 περί
1706 5317 1778 5382 ἠδυν
1824 5334 1884 5370 nar-

202 5394 253 5446 lud
263 5399 371 5457 tempus
380 5406 517 5475 nunquam
526 5393 554 5444 in
565 5395 683 5461 patriam
693 5395 796 5446 redisse
806 5395 1030 5460 videaturpoete,
1058 5395 1131 5445 ravit
1147 5393 1245 5444 Athen.
1263 5394 1332 5510 θόμ.
1349 5393 1440 5509 θίξιν.
1474 5385 1762 5509 Αἰιηὲιξιλαςάἡττιέἓὶᾏς
1801 5385 1885 5506 δὲἓῖς

257 5526 282 5594 *)
301 5529 343 5582 De
355 5530 512 5580 narratione
525 5530 667 5581 Plutarchi
680 5534 708 5581 et
721 5531 754 5581 de
767 5529 860 5581 decern
878 5529 943 5594 (non
956 5531 1030 5595 quiu-
1058 5459 1248 5592 iiiiomeliil
1259 5468 1690 5591 ssvvsspgoyssqgmfffffiqqm
1759 5468 1781 5518 ι’
1804 5469 1817 5507 ε
1859 5469 1885 5606 ’ς

206 5613 273 5664 que,
292 5603 323 5648 ut
335 5611 391 5648 mos
406 5595 477 5661 erat)
498 5597 621 5649 iudicum
632 5613 744 5649 numero
758 5596 827 5648 dixit
843 5599 878 5649 H.
894 5599 1032 5664 Sauppius
1108 5596 1146 5662 ⁸¹)
1164 5597 1282 5648 Pausan.
1301 5596 1325 5658 1,
1339 5597 1362 5654 7,
1376 5597 1400 5646 θ.
1418 5595 1544 5657 συνῆσαν
1561 5591 1592 5644 δέ
1608 5589 1661 5656 δρα
1677 5589 1722 5643 καί
1740 5587 1808 5642 τότε
1824 5605 1884 5653 τοις

204 5667 238 5717 iu
248 5665 339 5717 θεῖοι.
354 5665 415 5716 Soc.
429 5665 471 5718 iit.
485 5665 549 5717 Sar.
562 5681 587 5718 a.
602 5667 668 5718 1865
679 5685 705 5731 p.
718 5669 734 5716 9
747 5681 821 5731 seqq.
1059 5665 1200 5728 βασιλεῦσι
1212 5660 1326 5714 ποιηταί
1340 5689 1368 5697 -
1382 5662 1428 5712 καί
1445 5659 1473 5722 ές
1492 5658 1672 5724 Συρακούσας
1688 5658 1759 5725 πρὸς
1775 5656 1886 5724 Ἱέρωνα

258 5729 298 5796 ”l
316 5732 377 5786 vid.
388 5732 507 5798 lieeyoh.
520 5748 541 5788 s.
555 5751 583 5785 v.
595 5731 667 5800 ἰκρία
681 5751 742 5787 oum
754 5739 848 5786 annot.
861 5734 974 5788 Alberti.
1059 5732 1194 5797 Αίσχύλος
1211 5729 1257 5784 καῖ
1270 5727 1425 5796 Σιμωνίδης
1437 5725 1604 5794 ἐστάλησαν.
