4248 6596
191 1443 195 1460 ’
315 1505 1106 1605 λΡιΣτοοΑηοιΣ
1181 1509 1598 1606 ΣοΗκυυ

819 1813 1082 1826 --—-—-..—..

562 2049 631 2124 TA
658 2048 763 2125 ΤΟΤ
788 2049 1067 2126 ΔΡΑΜΑΤΟΣ
1093 2049 1344 2146 ΠΡΟΣΩΠΑ

362 2251 505 2306 mm.
1003 2257 1151 2310 ΠΑΙΔΕΣ.

345 2253 560 2404 ΈΑΝΘΙΑΣό
581 2301 686 2356 οἰκέται
699 2303 900 2369 Φιλοκλέωνος.
1003 2343 1116 2394 ΚΊὪΝ.

364 2423 626 2476 ΒΔΕΛΤΚΛΕΩΝ.
1002 2428 1227 2480 ΑΡῚῸΙΙΩΛΙΣ.

362 2507 593 2560 ΦΙΛΟΚΛΕΩΝ.
1003 2513 1203 2577 mmm,
1229 2510 1330 2576 κωφόν
1343 2511 1507 2575 πρόσωπον.

361 2591 484 2643 ΧΟΡΟΣ
512 2593 710 2647 ΓΕΡΟΝΤΩΝ
741 2593 905 2648 ΣΦΗΚΩΝ.
1003 2597 1234 2650 ΚΛΊἮΓΟΡΟΣ.

855 2801 865 2809 ι-
870 2801 1047 2810 --ῂ--α-ε-κ-

771 2969 1132 3046 ΤΠΟΘΕΣῚΣ.

191 3169 217 3232 Ι.
263 3169 447 3234 Φιλοκλέων
470 3170 636 3250 Ἀθηναῖος
663 3172 831 3253 φιλόδικος
859 3175 906 3240 ῶν
929 3177 987 3254 τὴν
1017 3176 1118 3257 φύσιν
1141 3174 1258 3256 ἐφοίτα
1278 3175 1349 3253 περὶ
1371 3173 1410 3238 τὰ
1431 3173 1617 3252 δικαστήρια
1639 3177 1796 3254 συνεχῶς.

106 3271 312 3338 Βδελυκλέων
335 3273 371 3336 δέ
393 3271 411 3336 6
434 3272 551 3337 τούτου
572 3277 648 3352 παῖς
672 3272 851 3356 ἀχθόμενος
873 3277 971 3362 ταύτῃ
993 3284 1031 3362 τῇ
1053 3278 1146 3361 νόσιμ
1169 3278 1218 3341 καὶ
1240 3276 1441 3355 πειρώμενος
1463 3276 1520 3339 τὸν
1536 3276 1658 3355 πατέρα
1672 3276 1795 3353 παύειν,

103 3373 307 3454 ἐγκαθείρξας
328 3377 400 3453 τοῖς
416 3373 517 3454 οἴκοις
539 3375 588 3439 καὶ
610 3376 719 3440 δίκτυα
740 3381 921 3458 περιβαλὼν
944 3379 1101 3460 ἐφύλαττε
1124 3379 1248 3458 νύκτωρ
1271 3378 1321 3442 καὶ
1342 3379 1408 3456 μεθ’
1422 3377 1552 3456 ἡμέραν.
1597 3376 1666 3441 ὁδέ
1681 3377 1796 3444 ἐξόδου

102 3475 193 3560 αὐτῷ
221 3478 260 3556 μὴ
288 3477 498 3555 προκειμένης
534 3477 673 3557 ἔκραζεν.
722 3479 753 3544 οἱ
780 3481 815 3544 δέ
844 3483 1053 3547 συνδικασταὶ
1085 3481 1184 3546 αὐτού
1218 3479 1334 3560 σφηξὶν
1363 3479 1498 3556 ἑαυτοὺς
1527 3479 1795 3558 ἀφομοιώσαντες

101 3579 339 3658 παρεγένοντο,
363 3579 552 3658 βουλόμενοι
574 3581 763 3661 διὰταύτης
785 3557 843 3662 ίῆς
864 3584 979 3663 τέχνης
1001 3583 1212 3648 ὑποκλέπτειν
1233 3582 1291 3646 τὸν
1314 3580 1547 3659 συνδικαστήν·
1580 3580 1613 3646 ἐξ
1636 3579 1682 3644 ῶν
1705 3582 1754 3645 καλ
1776 3580 1795 3645 6

100 3681 205 3760 χορὸς
234 3682 410 3759 συνέστηκε
438 3681 487 3744 καὶ
514 3682 552 3744 τὸ
575 3684 677 3761 δρᾶμα
705 3683 939 3764 ἐπιγέγραπται.
984 3684 1053 3749 ἀλλ’
1076 3685 1172 3749 οὐδέν
1194 3683 1294 3762 ἤνυον
1318 3683 1394 3746 ούδέ
1416 3681 1514 3748 οὑτοι.
1557 3683 1658 3762 πέρας
1681 3683 1716 3746 δέ
1737 3686 1795 3747 τοὺ

99 3783 275 3849 νεανίσκου
298 3781 518 3863 θαυμάζοντος
539 3782 628 3862 τίνος
651 3785 745 3850 ἕνεκα
772 3785 790 3850 6
813 3789 918 3866 πατὴρ
941 3786 1047 3866 οὕτως
1069 3786 1195 3866 ἥττηται
1216 3788 1275 3850 τοὺ
1297 3783 1500 3866 πράγματος,
1529 3783 1591 3864 ἐφη
1614 3784 1633 3848 6
1655 3784 1794 3864 πρεσβύ-

97 3905 159 3965 της
189 3885 335 3950 εἶναιτὸ
362 3888 489 3964 πρᾶγμα
523 3889 704 3952 σπουδαῖον
732 3888 782 3951 καὶ
810 3889 930 3968 σχεδὸν
958 3889 1058 3968 ἀρχὴν
1086 3888 1123 3952 τὸ
1151 3888 1297 3954 δικάζειν.
1349 3887 1367 3952 6
1396 3889 1431 3951 δέ
1457 3888 1533 3965 παῖς
1561 3887 1709 3965 ἐπειρᾶτο
1737 3888 1795 3965 τὰς

97 3986 247 4067 ὑποψίας
277 3987 411 4067 ἐξαιρεῖν
439 3991 498 4052 τού
521 3988 708 4068 πράγματος
742 3993 906 4056 νουθετῶν
928 3991 986 4056 τὸν
1008 3993 1156 4069 γέροντα.
1202 3989 1221 4053 ὁ
1248 3991 1283 4053 δέ
1305 3988 1488 4068 πρεσβύτης
1510 3992 1661 4067 μηδαμῶς
1684 3995 1795 4054 νουθε-

95 4089 261 4168 τούμενος
284 4089 323 4153 ού
346 4090 441 4169 μεθίει
463 4093 521 4154 τοὺ
543 4089 682 4169 πάθους·
715 4090 785 4155 ἀλλ’
808 4091 1016 4169 ἀναγκάζεται
1038 4092 1056 4156 6
1080 4092 1157 4170 νέος
1180 4091 1359 4170 ἐπιτρέπειν
1382 4093 1568 4172 φιλοδικεῑν,
1591 4091 1640 4153 καὶ
1666 4090 1717 4154 ἐπὶ
1738 4093 1794 4168 τῆς

96 4190 202 4269 οἰκίας
224 4193 320 4257 τοῦτο
343 4193 444 4267 ποιεῖ,
466 4193 608 4271 καὶτοῖς
631 4193 710 4257 κατὰ
731 4195 790 4273 τήν
814 4193 914 4261 οἰκίαν
936 4195 1058 4262 δικάζει.
1103 4195 1153 4258 καὶ
1175 4192 1234 4258 δύο
1258 4193 1353 4271 κύνες
1375 4192 1601 4269 ἐπεισάγονται
1624 4194 1794 4270 πολιτικῶς

94 4295 175 4374 παρ’
204 4295 290 4378 αύτῷ
319 4293 513 4384 κρινόμενοι·
547 4295 698 4360 καὶκατὰ
719 4299 778 4359 τοὺ
800 4297 984 4377 φεύγοντος
1006 4295 1153 4376 ἐκφέρειν
1176 4299 1326 4374 συνεχῶς
1347 4296 1406 4372 τὴν
1429 4298 1543 4375 ψῆφον
1566 4293 1692 4373 μέλλων
1714 4293 1794 4358 άπα-

92 4395 204 4475 τηθεὶς
232 4395 319 4461 ἄκων
347 4398 405 4475 τὴν
428 4393 689 4463 άποδικάζουσαν
712 4398 804 4478 φέρει
831 4402 954 4479 ψῆφον.
998 4398 1135 4476 περιέχει
1157 4399 1193 4461 δέ
1214 4398 1264 4461 καὶ
1285 4395 1499 4472 δικαιολογίαν
1521 4396 1591 4460 τινὰ
1612 4398 1670 4459 τού
1692 4399 1794 4475 χορού

91 4498 132 4562 έκ
156 4501 216 4562 τοὺ
238 4501 373 4577 ποιητοῦ
395 4499 589 4580 προσώπου,
615 4499 662 4577 ῶς
685 4499 802 4580 σφηξὶν
826 4499 975 4580 ἐμφερεῖς
998 4499 1078 4564 εἰσὶν
1102 4499 1131 4563 οἱ
1153 4502 1210 4564 τοὺ
1234 4501 1347 4577 χοροὺ,
1369 4498 1402 4564 ἐξ
1425 4497 1472 4564 ῶν
1495 4498 1544 4561 καὶ
1558 4497 1724 4576 τὸδρᾶμα.
1761 4498 1794 4562 οἳ

92 4599 154 4665 ὅτε
178 4601 234 4679 μέν
257 4599 342 4678 ἦσαν
364 4601 449 4679 νέοι,
471 4607 594 4680 πικρῶς
615 4603 686 4680 ταῖς
708 4601 808 4680 δίκαις
832 4601 1024 4682 ἐφήδρευον,
1048 4601 1116 4664 ἐπεὶ
1137 4603 1173 4666 δὲ
1194 4601 1346 4680 γέροντες
1368 4597 1532 4676 γεγόνασι,
1555 4603 1704 4664 κεντοῦσι
1726 4601 1794 4678 τοῖς

90 4703 262 4782 κέντροις,
291 4701 343 4767 ἐπὶ
364 4703 447 4767 τέλει
469 4704 504 4766 δέ
526 4705 584 4766 τοὺ
607 4703 769 4782 δράματος
798 4702 817 4767 6
838 4703 945 4781 γέρων
968 4703 1020 4767 ἐπὶ
1041 4705 1175 4769 δεῖπνον
1196 4705 1350 4784 καλεῖται,
1380 4687 1430 4766 κάλ
1452 4701 1503 4766 ἐπὶ
1525 4701 1614 4781 ὕβριν
1636 4702 1793 4781 τρέπεται,

88 4805 149 4869 καί
171 4803 267 4884 κρίνει
290 4803 388 4870 αὑτὸν
411 4803 536 4884 ὕβρεως
559 4803 758 4885 άρτόπωλις·
794 4805 813 4869 ὁ
836 4806 871 4869 δέ
893 4805 999 4885 γέρων
1022 4805 1106 4883 πρὸς
1129 4805 1230 4869 αύλύν
1251 4805 1302 4870 καὶ
1324 4803 1458 4884 ὄρχησιν
1481 4805 1643 4882 τρέπεται,
1672 4805 1722 4869 καὶ
1742 4825 1793 4881 γε·

87 4908 272 4972 λωτοποιεῑ
292 4907 330 4971 τὸ
353 4909 465 4986 δρᾶμα.

182 5005 224 5071 ΙΙ.
263 5009 368 5096 Τοὺγο
390 5010 428 5073 τὸ
452 5011 554 5088 δρᾶμα
574 5009 743 5089 πεποίηται
765 5009 852 5095 αύτῷ
876 5009 934 5074 ούκ
956 5009 989 5075 ἐξ
1011 5009 1221 5088 ὑποκειμένης
1244 5007 1445 5088 ὑποθέσεως,
1468 5007 1538 5074 ἀλλ’
1560 5008 1679 5074 ιδσανεὶ
1701 5028 1792 5085 γενο-

86 5111 205 5189 μένης.
249 5113 430 5176 πέπλασται
452 5111 513 5189 γάρ
535 5111 572 5175 τὸ
596 5109 685 5176 ὅλον.
729 5112 888 5191 διαβάλλει
910 5113 945 5176 δέ
968 5110 1152 5189 Ἀθηναίους
1176 5111 1222 5189 ὼς
1245 5113 1502 5191 φιλοδικούντας,
1525 5111 1575 5175 καὶ
1596 5112 1792 5192 σωφρονίζει

84 5215 154 5278 τὸν
177 5217 278 5292 δῆμον
301 5213 483 5291 ἀποστῆναι
504 5215 570 5278 τῶν
592 5216 707 5294 δικῶν,
738 5215 788 5278 καὶ
809 5213 862 5278 διὰ
888 5217 985 5278 τούτο
1012 5214 1062 5277 καλ
1083 5213 1161 5290 τοὺς
1184 5214 1335 5290 δικαστὰς
1358 5212 1475 5292 σφηξὶν
1498 5212 1656 5279 ἀπεικάζει
1677 5213 1792 5292 κέντρα

84 5315 210 5394 έχουσι
237 5316 288 5379 καὶ
313 5317 498 5394 πλήττουσι.
543 5315 710 5394 πεποίηται
737 5317 766 5379 δ’
787 5315 872 5400 αύτῷ
900 5315 1087 5396 χαριέντως.
1133 5315 1280 5394 ἐδιδάχθη
1308 5314 1360 5379 ἐπὶ
1381 5311 1541 5393 ἄρχοντος
1564 5315 1719 5394 Ἀμεινίου
1740 5316 1792 5380 διὰ

84 5415 277 5482 Φιλωνίδου
300 5417 345 5496 εἰς
361 5417 481 5497 Λήναια
503 5417 538 5483 ἐν
560 5423 598 5501 τῇ
621 5411 673 5482 πθ
694 5415 869 5497 ὀλυμπιάδι.
913 5418 1064 5498 δεύτερος
1086 5417 1134 5496 ἦν.
1177 5419 1227 5482 καί
1248 5415 1335 5482 ἐνίκα
1357 5419 1487 5495 πρῶτος
1503 5417 1681 5494 Φιλωνίδης
1704 5417 1788 5497 Προ·
1848 5473 1853 5484 .

81 5521 207 5595 αγῶνι,
230 5519 361 5585 Λεύκων
382 5519 546 5598 Πρέσβεσι
567 5519 686 5598 τρίτος.

815 5711 1078 5722 ———...—..-.
