4372 6614
396 1487 452 1588 V.
495 1489 588 1587 DE
615 1487 860 1633 METRIS
887 1487 1258 1588 POETARUM
1285 1487 1725 1589 SCENICORUM.

928 1729 1196 1736 -n—---——-———n.

263 1897 355 1947 Meti-a
368 1897 467 1960 quibus
480 1900 578 1961 poetae
592 1897 696 1947 scenici
708 1896 752 1946 usi
762 1900 825 1946 sunt
835 1899 934 1962 partim
946 1897 1048 1947 iambo·
1076 1895 1121 1947 διὰ
1138 1895 1193 1959 τήν
1206 1893 1375 1960 ἀδιάφορον
1395 1894 1444 1946 ὅτε
1461 1893 1492 1946 δὲ
1509 1894 1728 1960 καταληκτικὸν,
1745 1895 1797 1947 τὸν
1809 1893 1910 1959 ίαμβον

209 1964 311 2029 graphi
320 1965 419 2028 partim
430 1969 531 2029 poetae
541 1963 622 2028 lyrici
631 1965 780 2015 Dorienses
791 1965 976 2028 praeiverant,
987 1979 1046 2014 sce·
1076 1963 1288 2028 παραλήγοντα,
1310 1963 1327 2026 ἢ
1349 1961 1477 2023 σπανίως
1498 1960 1664 2028 τρίβραχυν,
1688 1963 1764 2015 ὥστε
1784 1961 1911 2026 γίνεσθαι

211 2031 271 2079 niei
283 2037 376 2082 autem
390 2047 490 2096 magna
502 2046 633 2082 novarum
646 2032 794 2082 formarum
807 2031 986 2082 multitudine
1000 2047 1048 2081 au·
1075 2031 1130 2095 τὴν
1148 2030 1318 2082 κατακλεῖδα
1337 2031 1402 2094 ἤτοι
1423 2027 1602 2096 ἀμφίβραχυν
1621 2031 1639 2094 ή
1657 2031 1793 2095 βακχεῖον.
1830 2034 1910 2096 Quae

207 2105 327 2158 xerunt,
350 2100 427 2165 leges
445 2103 591 2149 metrorum
609 2099 752 2163 aliquanto
773 2114 855 2164 qnam
876 2105 987 2150 veteres
1008 2099 1050 2148 illi
1077 2113 1159 2163 quum
1176 2101 1217 2150 ita
1235 2099 1304 2159 sint,
1327 2099 1523 2163 grammaticos
1545 2099 1574 2147 in
1590 2099 1669 2149 brari
1689 2100 1742 2149 hac
1763 2099 1796 2149 de
1813 2100 1910 2150 metris

210 2171 313 2230 poetae
332 2172 534 2218 consueverant
550 2166 694 2218 liberiores
711 2167 808 2220 secuti.
844 2168 886 2218 De
906 2169 1003 2232 quihus
1020 2168 1049 2216 in
1078 2167 1308 2217 commentatione
1330 2180 1393 2216 raro
1411 2167 1579 2230 memorabo,
1603 2167 1775 2232 omniumque
1799 2167 1909 2218 minime

210 2236 372 2284 universum
383 2235 436 2284 hoo
449 2239 493 2285 est
505 2234 667 2297 tenendum,
687 2235 763 2299 leges
775 2239 922 2285 metrorum
934 2235 1007 2284 alias
1020 2236 1047 2284 in
1076 2236 1247 2286 Demetrium
1259 2233 1435 2297 Triclinium,
1455 2233 1542 2284 seculi
1555 2235 1648 2298 quarti
1661 2233 1760 2284 decimi
1776 2249 1910 2300 gramma-

212 2302 278 2365 ipsa
300 2303 406 2352 numeri
430 2305 528 2353 natura
551 2303 658 2368 positas
680 2317 754 2364 esse,
780 2317 850 2367 qnae
872 2303 1049 2354 inviolabiles
1075 2305 1175 2365 ticum,
1198 2303 1245 2367 qui
1267 2317 1322 2353 non
1345 2301 1419 2351 ultra
1436 2301 1672 2367 Hephaestionem
1694 2303 1806 2367 sapiens
1824 2303 1910 2368 tragi-

214 2375 296 2433 sunt,
308 2402 340 2410 —
359 2369 435 2421 velut
448 2369 520 2435 quod
534 2368 662 2435 dipodiae
676 2370 812 2422 iambicus
826 2385 876 2435 pes
894 2371 968 2420 alter
979 2385 1047 2420 nun·
1076 2385 1167 2420 corum
1181 2375 1209 2420 et
1220 2369 1416 2434 Aristophanis
1429 2369 1598 2433 fabularum,
1617 2374 1755 2434 qnatenus
1768 2370 1796 2420 iu
1810 2368 1910 2420 scholis

214 2451 298 2500 quam
318 2437 459 2502 spondeus
479 2444 529 2487 aut
550 2437 680 2502 dactylus
701 2435 798 2500 (Aa)
817 2453 878 2488 esse
900 2442 994 2504 potest
1016 2463 1046 2474 -—
1075 2437 1238 2502 Byzantinis
1251 2437 1306 2502 legi
1319 2436 1460 2500 solebant,
1477 2441 1565 2488 metra
1579 2437 1720 2502 explicare
1740 2440 1909 2488 esteonatus

211 2504 286 2554 alias
306 2504 359 2555 soli
380 2504 488 2555 cuidam
509 2505 667 2570 elegantiae
688 2505 782 2556 sensui
805 2504 907 2557 deberi.
942 2505 1047 2555 Harum
1075 2507 1144 2555 etin
1157 2505 1325 2555 carminibus
1338 2504 1445 2555 melicis
1463 2504 1589 2569 plurimis
1606 2504 1819 2555 absurdissimae
1831 2519 1910 2555 exco-

211 2571 363 2622 nonnnllse
376 2578 432 2622 tam
445 2576 606 2624 constanter
623 2576 687 2624 sunt
699 2573 865 2623 observatae
882 2577 913 2622 ut
928 2573 957 2622 in
969 2589 1048 2638 regu·
1075 2574 1177 2639 gitavit
1188 2586 1315 2622 versuum
1331 2570 1543 2637 descriptiones,
1562 2587 1615 2623 neo
1629 2587 1691 2622 raro
1703 2573 1867 2637 scripturam
1880 2574 1909 2622 in

208 2639 254 2688 las
275 2641 463 2690 verterint-
484 2640 636 2690 cuiusmodi
658 2644 701 2690 est
722 2640 793 2704 qnod
815 2641 917 2706 tragici
933 2640 1001 2691 licet
1018 2643 1047 2690 in
1075 2641 1217 2691 codicibus
1228 2640 1534 2705 traditamturpissimis
1544 2639 1725 2705 interpolavit
1734 2640 1909 2690 coniecturis.

212 2708 302 2771 primo
319 2708 457 2772 tertioque
474 2709 577 2758 senarii
593 2709 661 2773 pede
679 2723 734 2757 non
752 2722 813 2758 raro
832 2708 982 2773 spondeum
999 2723 1048 2774 pro
1075 2709 1116 2758 Ab
1128 2708 1183 2758 hac
1195 2707 1304 2772 quidem
1318 2709 1474 2758 temeritate
1489 2708 1543 2757 etsi
1555 2707 1640 2758 alieni
1653 2708 1766 2759 inerunt
1778 2707 1909 2758 Heliodo-

210 2774 304 2824 iambo
317 2776 435 2840 positum
448 2776 477 2824 in
491 2773 631 2840 dactylum
645 2775 791 2838 solverint,
806 2781 898 2826 tamen
910 2791 1048 2842 nunquam
1074 2791 1121 2826 rus
1133 2775 1236 2840 aliique
1253 2775 1426 2839 grammatici
1443 2773 1577 2825 Triclinia
1593 2776 1765 2840 antiquiores
1782 2773 1909 2840 (quorum

209 2839 266 2892 hoe
278 2841 406 2892 fecerunt
418 2843 447 2891 in
460 2843 555 2907 quinto
568 2843 638 2908 pede
649 2869 682 2878 -
692 2843 765 2893 aliae
775 2857 830 2894 non
840 2858 948 2908 paucae
962 2859 1048 2909 saepe
1075 2844 1108 2894 de
1123 2843 1235 2908 scriptis
1247 2841 1521 2908 dixit,Westphalins
1534 2845 1564 2892 in
1576 2843 1648 2893 libro
1660 2845 1694 2893 de
1708 2843 1802 2893 metris
1816 2843 1870 2893 vol.
1885 2847 1908 2894 l.

209 2909 258 2959 vel
271 2910 452 2961 observantur
463 2911 508 2960 vel
522 2910 712 2975 negliguntur,
729 2925 764 2960 ne
777 2911 821 2974 vjs
838 2911 932 2964 verbis
944 2912 1047 2962 iniera-
1075 2928 1101 2977 p.
1117 2908 1284 2973 los-rsa.),
1303 2915 1396 2960 tamen
1408 2911 1464 2976 ipsi
1476 2923 1585 2975 quoqne
1597 2911 1626 2960 in
1637 2911 1776 2972 versibus,
1796 2915 1909 2976 praeter

210 2983 265 3026 tur.
299 2978 442 3028 Eiusmodi
454 2986 497 3029 est
510 2978 583 3042 quod
601 2977 717 3043 dipodia
733 2978 917 3043 anapaestico
933 2981 986 3029 etsl
998 2995 1049 3044 per
1075 2979 1201 3044 vulgaria
1218 2977 1406 3028 diverbiorum
1421 2983 1524 3041 metra,
1541 2979 1570 3027 in
1588 2977 1668 3029 κῶλα
1685 2993 1735 3028 sua
1751 2977 1909 3028 dividendis

213 3045 320 3096 numeri
337 3045 414 3109 leges
431 3045 500 3095 nihil
519 3047 612 3096 obstat
635 3046 778 3110 quominus
795 3060 830 3096 ex
848 3053 1003 3110 anapaesto
1021 3052 1049 3097 et
1074 3061 1129 3096 non
1142 3061 1203 3096 raro
1220 3045 1536 3111 magnamprodidemnt
1549 3046 1727 3111 imperitiam:
1743 3045 1777 3096 de
1795 3059 1848 3110 quo
1866 3045 1907 3095 in·

210 3112 324 3176 dactylo
336 3113 365 3176 (-
377 3126 395 3163 s
404 3145 422 3164 c
436 3127 497 3164 cum
514 3113 573 3163 ictu
584 3113 613 3164 in
626 3111 736 3178 syllaba
750 3113 884 3178 secunda)
902 3127 1047 3179 compona·
1075 3115 1117 3164 ira
1131 3113 1252 3164 dicemus
1263 3113 1312 3163 ubi
1325 3112 1358 3163 de
1371 3113 1496 3163 iambicis
1510 3113 1634 3167 dimetria
1647 3128 1770 3178 agemus.
1800 3115 1908 3164 Recen-

210 3185 272 3239 tur,
290 3180 333 3231 vel
350 3196 383 3231 ex
395 3180 505 3245 dactylo
519 3187 546 3231 et
558 3186 725 3246 anapaesto,
743 3185 834 3231 tamen
853 3196 915 3231 raro
928 3181 980 3232 hae
995 3182 1047 3233 ior·
1075 3183 1159 3233 tiores
1172 3180 1316 3232 doctrinae
1333 3182 1464 3231 metricae
1482 3181 1631 3246 scriptores
1647 3180 1745 3231 melius
1758 3185 1908 3246 perspecta

209 3263 287 3310 mae,
303 3249 331 3297 in
349 3247 479 3314 legitimis
492 3248 602 3313 quidem
615 3249 777 3314 anapaestis
793 3247 869 3313 (nam
882 3249 1046 3314 spondiaco·
1074 3264 1247 3300 numerorum
1259 3253 1360 3298 natura
1373 3248 1408 3299 ab
1420 3248 1576 3299 huiusmodi
1592 3249 1731 3299 erroribus
1748 3248 1907 3314 plerumque

210 3317 355 3367 rnmratio
365 3317 421 3366 alia
432 3313 488 3378 est)
504 3315 782 3381 reperiuntur,vslnt
796 3316 869 3381 apud
882 3315 1047 3381 Aeschylum
1074 3318 1128 3367 sibi
1155 3323 1289 3367 caverunt
1310 3317 1453 3381 rariusque
1475 3318 1510 3367 ab
1535 3321 1612 3367 reeta
1635 3322 1783 3368 metrorum
1804 3316 1905 3366 deseri-

130 3379 143 3402 ·
209 3385 317 3448 Agit.
334 3379 405 3448 ίίλλη
426 3382 452 3435 δ’
468 3381 589 3434 ίίλλοθεν
605 3382 816 3447 οὐρανομήκης,
840 3390 868 3434 et
886 3383 1046 3449 Aristopha-
1075 3385 1169 3449 ptione
1191 3385 1364 3434 aberrarunt.
1401 3383 1561 3434 Cuiusmodi
1582 3388 1623 3434 est
1645 3383 1718 3449 quod
1738 3383 1906 3446 Boeolrhins,

208 3466 275 3500 nem
286 3450 337 3517 Eq.
349 3453 408 3502 sat.
421 3449 474 3502 οὐκ
485 3449 644 3516 ἐξήρκεσεν,
658 3449 729 3502 ἀλλὰ
740 3452 891 3502 τελευτῶν.
910 3452 981 3502 Nnb.
989 3455 1046 3503 301.
1074 3453 1117 3503 vir
1129 3453 1153 3501 si
1165 3453 1226 3516 quis
1238 3450 1311 3501 alius
1328 3450 1426 3501 subtili
1438 3450 1533 3501 harum
1550 3467 1640 3502 rernm
1658 3465 1741 3502 sensu
1753 3451 1906 3519 praeditus,

207 3515 238 3568 τί
249 3517 316 3581 γὰρ,
330 3517 366 3582 ήν
377 3517 492 3583 ίίρπαγα
503 3520 565 3570 τῶν
576 3515 730 3584 δημοσίων.
751 3519 816 3570 Pac.
832 3521 888 3572 iss.
898 3519 947 3570 καί
958 3517 1048 3582 μύρον
1074 3520 1247 3585 aptissimum
1259 3518 1421 3584 tragoediae
1434 3519 1568 3584 gravitati
1578 3525 1694 3569 metrum
1705 3535 1739 3570 ex
1749 3521 1907 3585 antispasto

208 3583 327 3650 ἐπιχεῖς,
347 3591 376 3638 et
389 3601 459 3652 qnae
473 3592 538 3638 sunt
551 3588 609 3637 alia
621 3585 777 3636 huiusmodi
790 3586 930 3652 exempla,
948 3588 976 3636 in
989 3589 1046 3651 qui·
1075 3595 1103 3638 et
1115 3587 1210 3637 ordine
1222 3587 1340 3638 iambico

208 3653 265 3704 bns
280 3659 377 3719 poetae
393 3655 522 3720 dipodius
538 3655 641 3706 formas
654 3653 719 3704 illas
736 3654 883 3704 admittere
896 3669 977 3719 qnam
990 3654 1044 3704 col·
1344 3685 1363 3703 υ
1373 3672 1392 3703 r
1403 3696 1424 3704 -
1434 3696 1455 3704 -
1470 3651 1475 3717 Ι
1489 3685 1508 3702 υ
1519 3673 1537 3704 a
1549 3687 1567 3705 ο
1578 3697 1599 3706 -
1610 3695 1631 3706 -

208 3721 352 3773 locatione
363 3722 508 3774 verborum
519 3724 608 3773 minus
620 3728 687 3788 apta
701 3723 791 3772 vitare
805 3721 967 3772 maluerunt.
1073 3723 1119 3774 vel
1133 3738 1167 3772 ex
1181 3721 1287 3773 duobus
1300 3721 1443 3772 ordinibus
1455 3722 1584 3772 iambicis
1596 3722 1776 3788 compositum

264 3791 341 3852 Quae
358 3789 531 3856 Hephaestio
548 3789 765 3853 Alexandrinus,
787 3789 876 3839 seculi
898 3804 982 3840 acrae
1000 3804 1046 3840 no·
1344 3819 1363 3838 ν
1374 3807 1392 3839 a
1404 3821 1422 3840 a
1433 3831 1453 3840 -
1463 3831 1484 3844 ..
1499 3789 1504 3853 l
1519 3821 1538 3839 c
1549 3808 1567 3839 r
1578 3823 1597 3840 c
1608 3832 1628 3841 -
1639 3831 1660 3842 -

209 3861 287 3907 strae
300 3857 414 3908 secundi
426 3859 637 3923 grammaticus,
656 3858 685 3906 in
699 3853 866 3922 Ἐγχειριδίῳ
885 3857 988 3922 aliique
1001 3857 1046 3908 vel
1074 3873 1128 3922 qno
1141 3857 1302 3923 saepissime
1314 3857 1359 3907 usi
1370 3863 1434 3908 sunt
1445 3858 1556 3923 tragici,
1568 3858 1597 3906 in
1610 3863 1726 3908 metrum
1741 3857 1859 3909 iambico
1872 3889 1904 3898 -

208 3925 392 3990 antiquiores,
404 3925 481 3977 velut
492 3925 674 3987 Heliodorus,
687 3939 801 3989 quorum
815 3925 972 3990 fragmenta
984 3931 1045 3976 tan·
1073 3926 1284 3992 ithyphallicum
1294 3925 1442 3988 convertit,
1452 3929 1483 3975 nt
1492 3925 1903 3991 apudheschylumrtgamdilt.

208 3997 271 4043 tum
293 3998 457 4058 supersunt,
478 3993 524 4044 vel
545 3995 710 4058 posteriores
732 3992 765 4042 de
788 3993 882 4043 metris
902 3997 1046 4058 poetarum
1208 3991 1293 4044 πνοαί
1304 3990 1330 4043 δ’
1341 3991 1398 4044 ἀπὸ
1414 3989 1418 4057 Ι
1434 3990 1595 4057 Στρυμόνος
1607 3993 1743 4055 μολοῦσαι

209 4061 384 4112 scenicorum
404 4060 594 4124 tradiderunt,
620 4063 673 4110 etsi
693 4075 794 4125 magna
819 4075 853 4110 ex
873 4066 954 4126 parte
977 4074 1046 4111 vera
1208 4059 1377 4124 κακόσχολοι
1392 4059 1396 4122 Ι
1412 4059 1541 4126 νήστιδες
1553 4059 1687 4125 δύσορμοι

208 4131 277 4178 sunt
288 4143 377 4194 nsque
389 4128 515 4192 inutilia,
533 4144 615 4193 quum
626 4128 716 4178 multa
728 4128 893 4178 contineant
905 4143 938 4178 ex
950 4133 1046 4193 poeta·
1074 4135 1101 4180 et
1114 4129 1142 4180 in
1156 4128 1333 4193 antistropha
1344 4130 1402 4178 200.

209 4209 273 4245 rum
290 4195 393 4248 sabulis
406 4211 479 4247 nuno
495 4196 611 4263 perditis
629 4200 779 4257 annotata,
797 4199 889 4245 tamen
902 4209 957 4244 non
972 4195 1046 4245 ultra
1208 4193 1276 4248 ἅναξ
1289 4193 1314 4245 δ’
1326 4193 1342 4245 ὁ
1354 4193 1484 4262 πρὲσίβυς
1496 4194 1559 4248 τάδ’
1570 4195 1634 4247 slus
1646 4197 1768 4262 φωνῶν,

208 4262 289 4328 leges
310 4269 454 4316 metrorum
472 4265 500 4314 in
516 4267 579 4329 ipsa
600 4263 706 4314 numeri
723 4267 824 4312 natura
840 4263 958 4327 positas,
976 4277 1045 4327 quse
1209 4263 1304 4328 βαρεῖα
1316 4261 1367 4325 μὲν
1381 4263 1386 4328 Ι
1401 4263 1455 4328 κήρ
1465 4262 1501 4314 τὸ
1514 4264 1551 4327 μὴ
1565 4262 1709 4316 πυθέσθαι.

209 4332 298 4381 etiam
319 4333 378 4381 sine
402 4332 542 4398 magistris
563 4331 619 4382 illis
644 4331 860 4399 perspiciuntur,
885 4329 1045 4396 procedunt,
1074 4347 1145 4396 quae
1164 4345 1293 4382 mensura
1311 4331 1393 4381 choro
1410 4333 1528 4395 phaselo,
1547 4335 1643 4383 παρίασι
1661 4335 1804 4390 celerrimo,
1821 4335 1905 4381 vecto

209 4397 321 4449 omisds
333 4399 441 4464 legibus
454 4399 645 4450 subtilioribus
657 4399 793 4460 omnibus,
806 4413 823 4447 a
836 4399 935 4463 quibus
948 4403 1045 4448 metro·
1072 4399 1170 4449 melius
1181 4399 1342 4450 conveniret
1358 4413 1439 4463 qnam
1453 4398 1486 4450 de
1499 4397 1602 4464 ἀπλοίᾳ
1615 4399 1724 4465 lugubri
1741 4407 1825 4450 cantu
1838 4413 1903 4464 que-

207 4480 270 4516 rnm
282 4465 422 4532 elegantia
435 4473 462 4516 et
475 4466 626 4517 artificiosa
640 4465 802 4530 compositio
812 4465 926 4531 pendet,
947 4466 1045 4530 quales
1072 4468 1144 4517 renti
1163 4472 1191 4516 et
1208 4467 1310 4517 multas
1326 4467 1493 4532 tragicorum
1511 4467 1640 4533 strophas
1657 4466 1758 4517 similes
1776 4467 1905 4518 redderet

208 4549 267 4584 non
283 4549 390 4599 paucae
407 4535 442 4584 ab
465 4540 619 4585 nostrorum
640 4539 792 4598 temporum
815 4532 963 4598 philologis
980 4537 1045 4584 sunt
1072 4535 1154 4585 hilari
1167 4535 1316 4584 carminum
1334 4547 1367 4583 ex
1379 4535 1479 4584 iambis
1497 4540 1524 4584 et
1535 4549 1618 4586 versu
1633 4533 1814 4600 ithyphallico
1832 4549 1905 4585 com-

208 4603 408 4666 investigatae.
438 4601 734 4653 Abhuiusmo'dienim
749 4601 1044 4666 quaestionibnspror·
1071 4605 1223 4668 positorum
1236 4601 1341 4667 generi,
1355 4601 1388 4652 tle
1402 4617 1454 4668 quo
1467 4602 1560 4652 allatis
1573 4603 1812 4666 grammaticorum
1826 4603 1904 4652 testi·

208 4683 260 4718 sus
272 4669 359 4718 alieni
376 4669 488 4720 inerunt
506 4669 678 4735 grammatici
691 4669 807 4731 Graeci,
825 4669 899 4718 inter
915 4681 983 4733 quos
996 4685 1042 4718 ne·
1071 4671 1169 4720 moniis
1181 4675 1379 4735 poetarumque
1393 4669 1526 4735 exemplis
1540 4669 1610 4719 dixit
1622 4667 1787 4721 Gaisiordus
1799 4669 1835 4720 ad
1847 4669 1904 4719 He-

208 4737 312 4786 minem
325 4737 412 4786 inisse
422 4743 488 4802 puto
502 4738 548 4802 qni
560 4736 666 4788 velhoc
678 4751 762 4788 unum
772 4737 958 4800 observasset,
972 4735 1044 4801 quod
1071 4738 1178 4803 phaest.
1187 4737 1242 4788 rol.
1255 4740 1279 4787 2.
1293 4753 1319 4804 p.
1333 4739 1442 4789 'll—lb.

209 4817 299 4870 snpra
315 4805 511 4868 memorabam,
530 4806 652 4870 tragicos
669 4802 808 4868 dactylum
826 4818 843 4853 a
861 4805 955 4868 quinto
974 4803 1043 4868 pede

209 4873 317 4922 senarii
333 4873 497 4935 exclusisse,
518 4873 682 4936 omninoque
699 4871 785 4937 pedes
802 4870 976 4934 trisyllabos,
997 4872 1044 4920 tri·
1327 4915 1332 4926 .
1403 4914 1408 4926 .
1556 4913 1562 4924 .
1666 4912 1671 4925 .

207 4940 354 5003 bracham,
373 4940 512 5006 dactylum
530 4945 559 4991 et
572 4944 755 5004 anapaestum
770 4939 800 4988 in
813 4939 933 5004 quinque
950 4940 1044 5004 primia
1192 4913 1219 4968 Ῑ·
1256 4911 1299 4967 De
1321 4912 1440 4968 'ambw‘'
1463 4924 1577 4968 senam
1594 4917 1780 4984 “afflcmm·

207 5009 315 5060 senarii
330 5007 447 5072 pedibus
463 5024 518 5060 non
534 5010 594 5058 sine
612 5007 770 5058 discrimine
787 5021 950 5071 usurpasse,
971 5006 1044 5071 quod
1121 5006 1265 5072 Proprium
1290 5005 1422 5058 diverbiis
1445 5013 1560 5057 metrum
1582 5011 1625 5058 est
1647 5021 1744 5056 versus
1768 5006 1904 5057 iambicus

208 5073 364 5126 credidisse
377 5076 486 5127 videtur
498 5076 684 5141 Hephaestio,
704 5089 786 5140 quum
798 5075 899 5124 senarii
911 5074 989 5138 leges
1002 5074 1044 5125 his
1071 5075 1195 5126 trimeter
1215 5074 1403 5138 acatalectus,
1425 5089 1506 5139 quem
1526 5074 1699 5139 grammatici
1716 5073 1812 5124 Latini
1829 5089 1903 5124 senc·

208 5143 459 5208 comprehenderet
470 5143 562 5195 verbis
575 5159 637 5208 cap.
651 5145 674 5192 5.
687 5159 714 5207 p.
726 5146 768 5193 30.
781 5142 823 5191 ed.
838 5141 926 5193 Gaias.
939 5155 994 5194 seo.
1007 5140 1043 5191 τδ
1069 5145 1133 5192 ιιίιιιι
1154 5141 1339 5207 appellarunt.
1379 5143 1468 5192 Huius
1488 5141 1598 5206 generis
1619 5155 1716 5193 versus
1738 5145 1766 5191 iu
1787 5142 1904 5208 triginta

208 5209 339 5274 ίαμβικὸν
350 5209 458 5275 δέχεται
471 5209 543 5262 κατὰ
561 5209 613 5274 μὲν
628 5209 680 5272 τας
692 5208 825 5274 περιττὰς
836 5208 945 5272 χώρας,
963 5208 1044 5259 τοῦτ’
1070 5210 1160 5261 tribus
1177 5225 1247 5274 qnae
1269 5216 1416 5275 supersunt
1434 5208 1537 5261 fabulis
1554 5209 1721 5275 tragicorum
1738 5235 1772 5245 —
1789 5225 1852 5259 nam
1869 5208 1903 5258 de

207 5278 271 5330 ἔστι
294 5277 414 5343 πρώτην
436 5277 534 5343 τρίτην
564 5277 711 5341 πέμπτην,
742 5276 855 5340 ίαμβον,
882 5275 1042 5342 τρίβραχυν,
1070 5279 1112 5328 his
1124 5279 1213 5342 primo
1226 5278 1287 5328 loeo
1300 5283 1329 5328 et
1341 5278 1490 5344 separatim
1504 5276 1799 5328 nobisestdicsndnm
1813 5303 1842 5312 -
1858 5291 1904 5326 ex-

207 5345 376 5409 σπονδεῑον,
395 5343 549 5410 δάκτυλον,
566 5342 754 5396 ἀνάπαιστον·
773 5344 845 5395 κατὰ
861 5342 891 5394 δὲ
906 5343 957 5405 τὰς
969 5342 1043 5408 ἀρτί-
1069 5351 1147 5395 stant
1162 5360 1248 5410 prope
1271 5346 1387 5410 triginta
1407 5344 1508 5407 millia,
1530 5359 1643 5410 qaorum
1660 5345 1721 5410 plus
1739 5359 1819 5408 quam
1835 5345 1904 5395 4000

208 5425 268 5474 ους,
281 5413 432 5465 τοῦτ’ἔστι
445 5412 580 5479 δευτέραν
591 5412 732 5478 τετάρτην
750 5411 845 5478 ἕκτην,
860 5409 969 5474 ἴαμβον,
987 5411 1042 5475 τρί-
1069 5418 1134 5463 aunt
1145 5411 1288 5476 Aeschyli,
1306 5412 1367 5477 plus
1385 5428 1465 5478 quam
1483 5415 1551 5464 7000
1567 5412 1725 5478 Sophoclis,
1742 5411 1804 5476 plus
1821 5425 1903 5476 quam

208 5481 317 5545 βραχυν
329 5481 374 5532 καί
387 5479 574 5533 ἀνάπαιστον·
592 5483 699 5532 τοθτον
715 5477 746 5530 δὲ
757 5478 833 5544 παρὰ
851 5477 903 5542 μὲν
915 5481 975 5541 τοῖς
987 5492 1042 5529 κω·
1071 5483 1152 5532 17000
1165 5480 1316 5545 Euripidis.
1352 5483 1434 5530 Matri
1446 5481 1528 5531 huius
1541 5480 1628 5531 torma
1641 5481 1781 5547 primitiva
1792 5486 1835 5530 est

208 5551 301 5610 μικοῖς
309 5551 444 5612 συνεχῶς,
456 5549 534 5615 παρὰ
545 5548 576 5599 δὲ
586 5551 646 5611 τοῖς
658 5547 832 5610 ίαμβοποιοῑς
844 5546 890 5598 καί
901 5550 1041 5611 τραγικοῖς
1300 5581 1318 5600 s
1330 5566 1348 5597 a
1360 5579 1378 5596 υ
1389 5590 1416 5613 -,
1430 5581 1448 5599 s
1461 5567 1479 5599 r
1490 5581 1509 5598 ν
1519 5591 1540 5600 -
1562 5579 1580 5598 s
1591 5567 1609 5598 s
1621 5581 1640 5600 ν
1651 5590 1672 5599 -

206 5614 416 5682 σπανιώτερον,
439 5615 488 5668 ὅτε
501 5617 552 5680 μὲν
564 5613 617 5668 οὖν
628 5613 826 5681 ἁκατάληκτὸν
838 5614 923 5679 ἐστιν,
936 5613 982 5665 ἐπί
991 5615 1042 5678 τῆς
1067 5623 1098 5666 ut
1110 5615 1183 5682 apud
1196 5615 1359 5679 Aeschylum
1373 5615 1462 5668 Prom.
1477 5619 1517 5668 35.
1534 5592 1609 5677 door
1620 5614 1650 5666 δὲ
1660 5613 1766 5680 τραχὺς
1777 5613 1855 5677 ὅστις
1867 5614 1903 5666 αν

205 5682 376 5745 τελευταίας
387 5683 439 5736 τὸν
452 5684 552 5748 ίαμβον
564 5683 674 5748 δέχεται
686 5681 788 5747 μόνον,
799 5683 816 5747 ή
829 5682 883 5736 τὸν
895 5679 1042 5747 πυρρίχιον
1067 5682 1134 5735 νέον
1150 5687 1255 5749 κρατή,
1272 5682 1318 5735 vel
1334 5683 1444 5747 syllaba
1464 5683 1563 5735 ultima
1583 5685 1712 5748 ancipiti,
1734 5688 1765 5732 ut
1782 5683 1810 5733 in
1828 5685 1901 5732 omni
