4372 6614
710 1456 795 1550 111.
850 1456 1055 1552 ason
1107 1417 1615 1556 ΕγΡιίιιιιογ.

373 1859 397 1918 l.
425 1857 570 1925 Εὐριπίδης
591 1859 607 1911 ὁ
628 1862 747 1926 ποιητὴς
767 1861 826 1923 υἱός
846 1861 959 1925 ἐγένετο
979 1862 1149 1929 Μνησάρχου
1178 1863 1311 1930 Ἀθήνησι
1323 1868 1440 1930 νικῆσαι.
1464 1863 1603 1928 ἀναγνούς
1618 1865 1648 1918 δὲ
1661 1865 1706 1918 ἐπί
1718 1868 1878 1935 τραγῳδίαν
1890 1867 2005 1934 ἐτράπη,

325 1936 450 2001 καπήλου
464 1937 509 1988 καί
523 1935 655 1998 Κλειτοῡς
668 1936 910 2002 λαχανοπώλιδος,
929 1939 1075 2005 Ἀθηναῖος
1088 1940 1147 2004 μὲν,
1177 1940 1222 1993 καί
1238 1941 1362 2004 πολλοὺς
1382 1941 1552 2007 προσεξεῦρε
1568 1941 1683 2006 λόγους,
1705 1942 1900 2008 φυσιολογίας,
1923 1943 2005 2010 ῥητο-

321 2010 457 2078 ἐγεννήθη
486 2011 517 2062 δὲ
541 2009 572 2062 ἐν
596 2011 730 2074 Σαλαμῖνι
758 2011 803 2064 ἐπί
829 2011 982 2065 Καλλιάδου
1012 2013 1149 2079 ἄρχοντος
1176 2013 2006 2084 ρείας,ἀναγγωρισμοὺς,ὼςδὴάκουστὴςγενόμενοςἈνα-
2020 2035 2041 2074 ιο

321 2086 391 2140 κατά
407 2086 460 2150 τὴν
478 2081 517 2138 σε’
535 2085 706 2153 όλυμπιάδα,
723 2087 771 2140 ὅτε
789 2088 985 2155 ἐναυμάχησαν
1002 2093 1061 2152 τοῖς
1079 2087 1150 2154 Πὲρ-
1177 2091 1297 2157 ξαγόρου
1309 2093 1354 2145 καί
1365 2091 1507 2158 Προδίκου
1520 2093 1565 2144 καί
1574 2090 1769 2159 Πρωταγόρου
1781 2095 1826 2146 καί
1839 2095 2006 2160 Σωκράτους

296 2173 380 2225 soors
397 2162 423 2214 ol
438 2161 579 2227 Ἕλληνες.
608 2164 715 2229 ἤσκησε
732 2163 761 2215 δὲ
779 2164 841 2216 κατ’
857 2163 942 2230 ἀρχάς
960 2165 1011 2229 μὲν
1027 2163 1149 2230 παγκρά-
1176 2167 1293 2233 ἑταῖρος.
1327 2169 1403 2220 δοκεῖ
1423 2168 1453 2220 δὲ
1473 2167 1552 2234 αὐτῷ
1573 2170 1618 2221 καί
1636 2167 1790 2236 Σωκράτης
1810 2170 1827 2221 ό
1848 2170 2006 2238 φιλόσοφος

319 2255 381 2291 τιον
397 2239 414 2302 ἢ
432 2239 561 2303 πυγμὴν,
578 2242 630 2292 τοθ
643 2240 751 2305 πατρός
767 2239 857 2292 αὐτοῦ
868 2241 994 2308 χρησμόν
1013 2241 1150 2306 λαβόντος
1176 2243 1221 2295 καί
1233 2242 1413 2310 Μνησίλοχος
1431 2243 1671 2310 συμπεποιηκὲναι
1687 2245 1763 2310 τινὰ,
1783 2246 1822 2308 ὥς
1836 2259 1905 2312 φησι
1919 2247 2006 2312 Τηλε-

320 2317 363 2368 ότι
376 2314 612 2381 στεφανηφόρους
629 2315 741 2380 άγύινας
758 2317 871 2383 νικήσει.
896 2316 941 2370 καί
958 2330 1045 2383 φασιν
1061 2317 1150 2370 αὐτόν
1175 2317 1284 2386 κλείόης

1209 2411 1389 2477 Μνησίλοχός
1401 2412 1459 2465 ἐστ’
1470 2412 1590 2478 ἐκεῖνος,
1608 2412 1639 2476 ὃς
1651 2414 1752 2480 φρύγει
1763 2430 1791 2467 τι
1803 2415 1893 2481 δρύμα
1907 2416 2006 2468 καινόν
2018 2419 2040 2458 15
2129 2459 2131 2466 ,

369 2477 509 2557 Excerpta
525 2475 593 2526 hoec
609 2475 638 2526 in
649 2475 777 2558 pluribus
797 2478 927 2545 leguntur
945 2478 1084 2530 codicibus
1103 2477 1149 2530 vel
1209 2487 1353 2557 Εὐριπίδῃ,
1374 2489 1419 2542 καί
1432 2489 1583 2554 Σωκράτης
1595 2489 1630 2541 τὰ
1643 2489 1764 2555 φρύγαν’
1775 2490 1949 2557 ὑποτίθησιν.

320 2544 446 2609 longiora
457 2545 503 2593 vel
514 2545 750 2611 compendifacta,
769 2562 881 2613 quorum
891 2548 1044 2615 scripturae
1059 2547 1148 2598 diver-

322 2615 390 2662 Sllssss
407 2611 441 2661 ab
455 2628 496 2662 me
513 2613 639 2678 exposita
657 2619 700 2663 est
716 2614 744 2664 in
758 2615 926 2666 Scholiorum
944 2617 973 2665 in
990 2616 1148 2682 Euripidem
1175 2612 1240 2620 .„..-
1261 2611 1276 2616 ”
1313 2611 1322 2616 “
1939 2635 1940 2638 ¹

322 2679 442 2731 editione
461 2679 609 2731 Oxoniensi
630 2682 684 2732 vol.
706 2685 726 2732 1.
744 2699 770 2749 p.
790 2685 887 2737 1-11.
925 2684 1054 2734 Eminent
1074 2685 1149 2734 inter
1174 2679 1198 2730 8.
1212 2673 1362 2740 ἀναγνοὺς]
1382 2674 1584 2739 ἀναγινώσκειν
1601 2693 1618 2727 a
1635 2677 1798 2742 Byzantinis
1816 2678 1942 2728 dicuutur
1959 2679 2006 2744 qui

322 2765 369 2799 eos
390 2747 585 2799 Ambrosianus
606 2749 822 2802 Mediolanensis
842 2755 870 2801 ct
886 2751 1029 2802 Parisinus
1049 2751 1148 2803 biblio·
1175 2746 1263 2795 literis
1276 2760 1386 2809 operam
1398 2745 1478 2796 dant:
1492 2746 1526 2796 de
1540 2762 1593 2810 quo
1605 2745 1674 2796 dixit
1686 2747 1717 2797 L.
1728 2746 1884 2797 Dindorlius
1896 2747 2005 2797 inThe·

322 2817 419 2868 thecae
441 2817 613 2866 Genovevae.
648 2819 691 2867 Ex
711 2817 891 2870 Ambrosiauo
913 2817 971 2885 (qni
991 2818 1082 2869 finitur
1102 2821 1148 2869 lin.
1176 2812 1321 2864 saurovol.
1337 2816 1359 2861 l.
1373 2817 1442 2878 part.
1456 2815 1480 2867 2.
1494 2830 1519 2879 ρ.
1533 2814 1714 2866 assentiatis
1732 2814 2006 2866 Io.Malalaeexern-

323 2882 375 2948 16.)
392 2885 516 2949 excerpti
533 2885 613 2950 primi
632 2890 737 2950 partem
750 2887 862 2952 primam
877 2887 1054 2952 integriorem
1068 2902 1148 2952 quam
1176 2881 1229 2946 plis
1246 2897 1271 2946 ρ.
1285 2882 1329 2942 92,
1343 2883 1382 2931 12.
1401 2880 1510 2944 ἔμεινεν
1528 2881 1543 2932 ὁ
1561 2879 1649 2946 Πάρις
1666 2879 1894 2946 άνατρεφόμενος
1911 2882 1958 2934 χαι
1975 2882 2006 2934 ἐν

321 2955 349 3002 in
362 2951 424 3002 aliis
437 2952 539 3018 legitur
552 2953 694 3004 codicibus
707 2955 791 3005 edidit
802 2955 960 3018 Elursleius‚
977 2971 1010 3004 cx
1022 2955 1148 3006 Parisino
1176 2945 1260 3014 αὐτῷ’
1267 2947 1371 3010 διάγων
1384 2949 1429 2999 καί
1438 2947 1650 3012 ἀναγινώσκων.
1671 2967 1696 3016 p.
1708 2953 1766 3014 532,
1778 2953 1801 3000 9.
1813 2948 2006 3012 ἀνεγίνωσκε,

321 3021 378 3084 (cui
395 3021 430 3070 ab
447 3021 539 3071 verbis
555 3017 582 3071 ol
599 3020 629 3072 δὲ
646 3020 683 3072 τὰ
700 3019 769 3087 μέλη
787 3022 833 3072 lin.
853 3025 891 3073 17.
909 3024 1055 3089 incipienti
1073 3025 1150 3073 deest
1175 3016 1231 3068 ἔσω
1246 3013 1285 3078 εἰς
1297 3015 1331 3067 τό
1344 3015 1490 3068 παλάτισν.
1515 3033 1541 3083 p.
1552 3019 1610 3082 383,
1624 3020 1648 3068 ό,
1662 3015 1692 3068 ἐν
1706 3017 2007 3071 Κωνσταντινοηπόχε,

321 3088 430 3138 initium
446 3103 531 3154 nsque
549 3089 585 3138 ad
603 3106 627 3138 ν.
644 3087 810 3154 ὑποτίθησιν
827 3091 874 3140 liu.
890 3087 942 3158 16,)
958 3095 1063 3157 partem
1081 3091 1148 3142 alte.
1174 3084 1345 3149 ἀνατραφεὶς
1357 3085 1403 3136 καί
1415 3083 1561 3148 ἀναγνούς.
1584 3087 1682 3150 quibus
1695 3087 1724 3136 in
1733 3087 1856 3140 praefat·
1870 3087 1906 3138 ad
1916 3089 2007 3138 Xeno.

207 3199 211 3212 .
321 3172 377 3206 ram
390 3155 459 3220 φασί
472 3153 627 3208 δὲ-ίδεῖν
640 3155 787 3222 Εὐριπίδου
804 3158 863 3224 (lin.
876 3158 1021 3222 87-110.)
1039 3161 1074 3210 ab
1093 3160 1148 3210 alio
1176 3152 1286 3219 phontis
1298 3154 1410 3204 Memor.
1423 3153 1464 3204 ed.
1474 3155 1560 3205 Oxou.
1572 3171 1598 3220 p.
1609 3155 1682 3208 XIX.
1697 3153 1805 3204 addidit
1818 3155 1935 3220 glossam
1949 3157 2005 3206 lie·

322 3224 458 3275 adiectam
477 3225 669 3290 grammatico,
691 3227 738 3291 qui
755 3233 874 3293 tempore
892 3233 919 3278 et
936 3226 1063 3278 doctrina
1078 3227 1148 3278 inie-
1176 3221 1264 3286 sychii
1280 3218 1452 3285 παραμείνας
1469 3220 1569 3287 (codex
1586 3221 1776 3286 παραμήνας)τ
1800 3222 2005 3288 παραναγνούς.

321 3294 375 3342 rior
387 3292 441 3342 fuit
453 3294 557 3357 priore,
575 3308 608 3342 ex
622 3295 682 3344 cod.
696 3295 821 3346 Parisino
838 3294 1015 3361 integriorem
1027 3311 1106 3360 quam
1119 3296 1146 3344 in
1176 3292 1237 3341 Non
1249 3289 1386 3341 intellexit
1398 3291 1516 3341 Thomas
1530 3292 1565 3340 M.
1583 3293 1630 3355 qui
1647 3291 1676 3342 in
1688 3293 1753 3341 Vita
1769 3291 1908 3356 Euripidis
1945 3297 2005 3355 .11‚

321 3361 384 3411 arsis
400 3360 478 3410 nons
495 3361 599 3411 crassa
617 3367 658 3412 esc
680 3361 767 3413 sursit
782 3363 972 3429 stoingnonus
993 3364 1022 3413 in
1041 3364 1150 3414 Journal
1177 3359 1216 3407 ια.
1236 3357 1383 3408 ed.010n.
1408 3358 1484 3408 aliud
1501 3358 1566 3423 quid
1582 3359 1737 3422 substituit,
1756 3357 1886 3421 ἀγχίνους
1906 3307 1941 3410 tf
1955 3359 2005 3423 ὢν,

320 3431 366 3479 des
375 3429 473 3480 Saccas
486 3431 592 3482 a.1832.
602 3430 778 3494 path—244.
803 3433 846 3481 Ex
858 3431 1042 3496 antiquiorum
1055 3431 1147 3482 horum
1176 3423 1255 3490 είπερ
1266 3439 1316 3490 τις,
1330 3427 1375 3477 καί
1387 3428 1429 3490 τῳ
1443 3429 1541 3478 πονεῖν
1554 3424 1656 3478 ἑαυτόν
1669 3425 1832 3487 ἐκδεδωκὼς
1845 3425 1884 3489 είς
1896 3440 2007 3495 τραγῳ-

321 3497 559 3564 grammaticorum
575 3499 713 3563 excerptis
730 3499 849 3550 Thomas
866 3499 939 3564 Mag.
960 3498 1085 3562 σύνοψιν
1097 3501 1148 3550 ταί)
1176 3492 1237 3545 δίαν
1249 3491 1365 3559 ἐτράπη.
1435 3497 1458 3547 9.
1471 3492 1699 3559 λόγους-ώςδὴ
1711 3496 1853 3559 omviud.
1871 3495 2006 3548 InHavn.

321 3562 380 3627 βίου
392 3567 442 3615 τού
458 3562 605 3628 Εὐριπίδου
618 3567 784 3632 composuit,
798 3583 879 3633 qnam
891 3567 953 3618 vide
966 3569 994 3618 in
1009 3567 1049 3618 ed.
1060 3567 1146 3618 Oxou.
1175 3568 1218 3613 est
1235 3560 1394 3628 προλόγους
1410 3562 1455 3614 καί
1472 3561 1710 3626 φυσιολογίας...
1725 3560 1872 3628 ῥητορείας
1892 3562 2006 3626 γενόμε-

321 3650 346 3698 ρ.
362 3636 469 3684 11-13.
1175 3644 1231 3692 νος.
1266 3629 1299 3680 Iu
1312 3628 1413 3693 λόγους
1426 3646 1485 3681 cum
1499 3633 1588 3686 Ambr.
1607 3633 1746 3682 consentit
1759 3633 1821 3682 Vat.
1837 3635 1910 3684 1346.
1930 3633 2006 3683 Nau-

371 3704 394 3751 1.
415 3699 597 3766 Μνησάρχου]
623 3703 670 3753 Sic
682 3701 787 3753 Ambr.:
807 3703 855 3756 scd
868 3703 1086 3769 probabilius'in
1104 3720 1148 3754 ex·
1175 3698 1252 3749 ckius
1264 3699 1383 3749 couiscit
1396 3697 1488 3750 πολλὰ
1500 3700 1678 3763 προσεξεῦρε,
1692 3698 1850 3764 προλόγους
1861 3725 1901 3748 -.
1968 3702 2006 3750 10.

322 3774 422 3835 carpto·
432 3771 516 3819 tertio
534 3770 591 3834 (lin.
605 3769 670 3835 127.)
687 3769 892 3837 Μνησαρχίδου.
918 3771 987 3823 Nam
1000 3788 1080 3837 quum
1092 3771 1149 3822 Eu·
1175 3767 1377 3832 Anaxagoram,
1396 3767 1539 3817 Prodicum
1552 3769 1686 3818 rhetorem
1699 3775 1727 3818 et
1740 3767 1879 3832 (inmersit
1893 3769 2007 3833 philoso-

320 3837 416 3903 ripidis
428 3836 544 3887 filiorum
555 3843 622 3888 natu
634 3841 768 3890 maximus
779 3836 976 3904 Μνησαρχίδης
993 3841 1149 3906 appellatus
1174 3835 1246 3900 ρόίο)
1264 3835 1403 3886 Socratem
1420 3837 1546 3887 nominat
1563 3837 1646 3886 etiam
1665 3834 1770 3888 Gellius
1787 3839 1832 3895 lb,
1849 3839 1890 3887 20.
1909 3836 2006 3886 allatis

321 3906 419 3970 fuerit,
437 3911 469 3956 ut
480 3906 648 3972 biographus
663 3907 707 3957 hic
719 3909 779 3973 ipse
793 3909 866 3958 iufra
877 3909 923 3958 lin.
937 3911 977 3958 31.
995 3910 1148 3972 annotavit,
1175 3903 1324 3954 Alexandri
1336 3903 1428 3954 Aetoli
1439 3904 1573 3964 versibus,
1587 3919 1654 3970 quos
1666 3904 1729 3955 vide
1739 3904 1812 3954 inira
1823 3905 1857 3974 in¹
1866 3909 1959 3955 annot.
1970 3904 2006 3954 ad

320 3974 463 4040 probabile
481 3973 607 4024 estidcm
625 3977 671 4025 avi
688 3991 785 4026 nomen
802 3976 898 4026 fuisse.
932 3977 1016 4028 Recta
1032 3976 1148 4026 nominis
1176 3972 1275 4022 lines.
1316 3974 1356 4023 13.
1371 3973 1415 4022 καί
1427 3969 1606 4036 Μνησίλοχος
1618 3987 1651 4022 ex
1665 3973 1845 4038 sequentibus
1857 3973 2005 4038 irrepsisse

321 4043 408 4092 forma
421 4046 465 4092 eut
479 4043 563 4092 etiam
580 4043 608 4092 in
621 4044 732 4094 oraculo
750 4043 823 4108 apud
836 4045 936 4095 Eussb.
948 4044 993 4094 Pr.
1004 4043 1053 4094 Ev.
1068 4049 1092 4106 b,
1105 4047 1147 4097 33,
1176 4039 1321 4091 videbatur
1336 4039 1477 4092 Elmsleio.
1548 4043 1586 4090 lt.
1604 4037 2003 4106 Μνησίλοχος-ὑποτίθησιν]

320 4113 430 4175 ptttc.
444 4108 522 4162 ἔσται
534 4123 578 4162 σοι
591 4112 700 4175 κούρας,
715 4109 907 4177 Μνησαρχίδη,
917 4111 1014 4163 όντινα
1026 4110 1146 4177 πάντεςί
1176 4108 1222 4158 Sic
1240 4109 1346 4158 correxi
1363 4109 1435 4172 quod
1452 4111 1481 4158 in
1497 4108 1588 4160 Ambr.
1606 4114 1650 4159 est
1667 4107 1834 4174 μνησίλοχος
1851 4107 1882 4160 δὲ
1899 4106 2006 4170 ἐκεῖνος

321 4175 466 4243 ἄνθρωποι
483 4175 600 4232 τίσουσι,
636 4178 677 4230 Ad
695 4179 766 4244 quod
783 4180 921 4230 oraculum
939 4181 1057 4231 tortasse
1079 4181 1149 4231 refe·
1176 4174 1313 4240 φρυγικόν
1324 4189 1352 4226 τι
1364 4175 1454 4241 δρᾶμα
1466 4175 1563 4228 καινόν
1576 4173 1701 4242 εὐριπίδη
1719 4177 1763 4228 καί
1776 4175 1926 4242 σωκράτης
1937 4175 2015 4228 bno·-

321 4247 405 4296 reuda
419 4246 503 4298 Gellii
519 4247 641 4297 narratio
654 4249 701 4310 15,
714 4250 755 4300 20.
774 4248 845 4313 quod
858 4253 942 4314 caput
953 4253 1040 4299 totum
1054 4249 1147 4300 confe-
1175 4241 1285 4309 τίθησιν
1298 4242 1450 4308 (εὐριπίδου
1464 4245 1508 4296 καί
1520 4245 1668 4309 σωκρότου
1680 4243 1716 4296 τά
1728 4243 1860 4309 φρύγανα
1871 4241 2005 4309 ὑποτίθη-

320 4313 433 4364 rendum
446 4320 489 4365 est
502 4331 560 4366 cum
571 4315 717 4381 biographi
726 4316 827 4367 Graeci
838 4319 985 4382 excerptis.
1037 4319 1060 4366 2.
1074 4315 1148 4368 Κλει-
1176 4323 1220 4363 σιν
1234 4313 1296 4362 Vat.
1309 4313 1404 4378 ibib).
1425 4313 1613 4379 comparanda
1625 4329 1685 4363 cum
1697 4313 1740 4364 his
1753 4307 1827 4379 quae'
1836 4314 1910 4379 apud
1922 4313 2004 4379 Βίας.

454 4397 479 4433 ει
1175 4380 1207 4430 L.
1224 4381 1253 4430 in
1269 4381 1348 4430 initio
1361 4383 1442 4433 Vitae
1456 4381 1577 4433 Socratis
1590 4381 1719 4447 leguntur
1730 4384 1760 4445 θ,
1775 4384 1815 4434 18.
1835 4382 1869 4432 ab
1882 4383 2005 4446 interpo-

320 4447 399 4516 τοῦς]
419 4450 641 4513 κλυτοθςόιιιδι.
672 4451 777 4502 Nomen
791 4457 865 4503 recte
879 4454 1010 4518 scriptum
1024 4452 1098 4518 apud
1110 4467 1149 4503 re·
1175 4449 1261 4499 latore
1278 4450 1388 4501 exVita
1406 4449 1500 4514 aliqua
1515 4449 1655 4514 Euripidis
1672 4451 1733 4501 loco
1750 4451 1895 4516 perinepto
1912 4449 2004 4512 illata,

320 4518 409 4582 liquos
429 4520 611 4586 biographos,
635 4519 746 4570 Suidam
767 4536 788 4570 s.
805 4537 830 4571 ν.
847 4518 994 4586 Εὐριπίδης
1016 4526 1044 4572 et
1065 4520 1148 4571 schol.
1175 4523 1206 4566 ut
1223 4517 1420 4568 animadvertit
1439 4519 1471 4568 L.
1487 4517 1644 4568 Dindorfius
1665 4519 1694 4568 iu
1712 4519 1804 4568 Praei.
1827 4518 1863 4568 ad
1880 4517 2005 4583 Xenoph.

320 4586 403 4636 Arist.
417 4586 524 4638 Thesm.
539 4587 574 4638 ad
584 4591 641 4640 v.i.
656 4604 673 4638 a
683 4604 736 4653 quo
746 4589 893 4654 Euripides
904 4587 1035 4650 Κλειτούς
1046 4586 1149 4650 υἱωνός
1177 4587 1287 4636 Memor.
1307 4602 1331 4650 ρ.
1346 4587 1417 4638 ΧΙΧ.
1436 4586 1478 4636 ed.
1492 4587 1580 4640 Oxou.
1603 4584 1693 4637 ἐδόκει
1705 4584 1735 4636 δὲ
1748 4582 1921 4651 (Σωκράτης)
1938 4597 2005 4648 συμ-

320 4655 422 4704 dicitur
438 4655 473 4704 ad
489 4671 514 4706 v.
526 4657 584 4709 910.
603 4671 684 4721 quum
703 4653 762 4718 υίὸς
780 4657 911 4708 dicendus
928 4665 1015 4709 essct:
1035 4657 1089 4708 uisi
1105 4657 1149 4706 hic
1161 4623 1163 4729 !
1175 4656 1266 4706 ποιεῖν
1280 4651 1421 4720 Εὐριπίδη.
1441 4651 1696 4719 άθενΜνησίλοχσς
1708 4653 1784 4705 οὕτω
1797 4653 1868 4719 φησί
1880 4651 2005 4717 “Φριίγες

318 4720 425 4773 librarii
442 4737 516 4774 srror
526 4730 578 4777 est.
616 4723 747 4786 Κλειτοός
764 4726 881 4776 nominis
898 4725 1022 4791 exempla
1038 4725 1093 4775 alia
1109 4732 1149 4775 at·
1161 4732 1163 4785 ζ
1175 4721 1236 4773 ἐστι
1248 4721 1346 4773 καινόν
1358 4721 1447 4786 δρᾶμα
1459 4721 1537 4775 τουτ’
1549 4720 1705 4787 Εὐριπίδου,
1718 4722 1741 4787 ᾧ
1754 4723 1798 4773 καί
1808 4717 1960 4787 Σωκράτης
1969 4721 2005 4787 τά

321 4791 373 4840 tuli
384 4792 412 4840 iu
426 4790 566 4842 Thesauro
579 4792 632 4842 vol.
646 4796 670 4848 4.
684 4809 710 4859 p.
725 4794 798 4846 1614.
878 4792 1148 4859 λαχανοπωλητρίας
1175 4790 1306 4856 φρύγανα
1322 4788 1498 4855 ὑποτίθησι.”
1519 4791 1564 4841 καί
1576 4789 1660 4841 πάλιν
1676 4787 1845 4856 “Εύριπίδης
1862 4801 2005 4854 σωκρατο-

320 4859 389 4909 dixit
401 4860 485 4909 Arist.
502 4859 610 4914 Thesm.
629 4862 686 4913 387.
703 4864 816 4926 agrestio
834 4865 904 4913 olera
923 4865 1069 4913 oendeutem
1087 4860 1149 4911 Gel-
1175 4857 1330 4923 γόμφους.”
1347 4859 1392 4910 καί
1406 4856 1524 4920 Καλλίας
1535 4857 1676 4922 Πεδήταις
1688 4857 1758 4924 “itha
1771 4859 1806 4911 σὺ
1819 4858 1909 4922 σεμνὴ
1921 4871 2004 4910 κατα-

318 4926 373 4976 lius
393 4930 437 4987 15,
454 4929 495 4978 20.
515 4944 547 4977 ex
561 4928 699 4996 Theopom
721 4945 744 4990 o,
764 4930 863 4980 omisso
881 4929 1013 4991 Κλειτοῡς
1029 4930 1146 4980 ιιοιιιῖιιο.
1176 4930 1289 4992 φρονεῖς
1303 4925 1359 4990 (καί
1372 4927 1650 4993 φρονεῖςΜειιαςίιιι)
1664 4925 1741 4979 οότω
1751 4925 1943 4990 μέγαιέξεστι
1952 4925 2005 4990 γάρ

318 4995 422 5046 Eodem
443 4995 517 5046 redit
537 4997 608 5060 qnod
629 4945 776 5059 σκάνάικας
798 4998 956 5050 vendidisse
978 4999 1091 5060 dicitur,
1113 4998 1148 5047 ad
1176 5005 1235 5057 μοι·
1254 4994 1407 5061 Σωκράτης
1422 4995 1477 5061 γὰρ
1494 4993 1609 5057 αίτιος.”
1644 4993 1848 5060 Ἀριστοφάνης
1866 4993 2004 5060 Νεφέλαις

319 5063 390 5128 quod
409 5063 510 5114 alludit
531 5064 613 5117 Arist.
634 5066 701 5116 Acb.
724 5067 783 5117 478.
810 5067 861 5132 Eq.
885 5069 924 5121 19.
945 5067 992 5117 ubi
1013 5065 1147 5118 videndae
1175 5061 1338 5129 ιἘὐριπίδης
1355 5064 1379 5116 δ’
1395 5065 1411 5116 ό
1428 5065 1479 5126 τάς
1495 5060 1652 5130 τραγῳδίας
1669 5065 1760 5115 ποιῶν
1774 5062 1825 5125 τὰς
1840 5062 2004 5128 περιλαλού-

318 5131 526 5182 scholiastcrum
539 5134 741 5188 annotationes.
822 5137 846 5188 3.
865 5131 1010 5198 Σαλαμῖνι]
1029 5106 1225 5198 Phlyeu-lcoc
1246 5129 1330 5193 ούτός
1349 5130 1408 5184 ἐστι
1428 5131 1478 5196 τάς
1498 5131 1616 5198 σοφάς.”
1651 5135 1770 5196 Quorum
1789 5131 1881 5183 media
1901 5147 1950 5198 ego
1969 5131 2005 5180 ad

317 5200 387 5250 sium
404 5201 481 5252 demo
500 5201 666 5251 adscribitur
682 5203 755 5268 apud
772 5202 900 5254 Photiunr
917 5201 964 5265 (ex
976 5218 1062 5268 eoque
1076 5201 1148 5268 apud
1174 5200 1312 5266 Aristoph.
1324 5201 1493 5267 Fragmenta
1510 5218 1536 5267 p.
1549 5204 1606 5252 511.
1626 5201 1668 5251 ed.
1681 5200 1767 5251 Oxou.
1786 5201 1825 5252 sic
1842 5217 1903 5251 esse
1921 5202 1950 5249 in
1963 5214 2004 5250 or·

318 5268 441 5336 Suidarn)
458 5285 486 5335 p.
499 5271 563 5331 651,
576 5271 616 5319 21.
635 5267 740 5322 Φλυεία
757 5267 869 5336 (Φλυεῖς
888 5270 933 5320 vel
951 5265 1148 5321 forma‘Attica
1174 5269 1266 5320 dinem
1278 5269 1428 5334 redigenda
1440 5269 1562 5336 ostendi,
1576 5269 1680 5320 collata
1692 5271 1758 5321 vita
1770 5269 1922 5334 Euripidis,
1936 5267 2004 5319 όθεν

318 5337 413 5400 Φλυῆς
430 5338 546 5388 scribare
565 5337 711 5402 debebat):
735 5337 821 5402 δῆμος
837 5341 889 5403 της
911 5336 1087 5404 Κεκροπίδας.
1117 5336 1148 5389 ἐκ
1174 5333 1360 5402 Τηλεκλείδης
1377 5336 1416 5401 (iu
1434 5335 1572 5391 Ἡσιόδων
1586 5337 1695 5400 tabula,
1713 5343 1744 5388 ut
1760 5337 1884 5401 videtur,
1902 5339 1931 5386 in
1949 5351 2004 5401 qua

317 5403 421 5455 τούτου
438 5403 468 5456 δὲ
484 5407 535 5456 τοῦ
553 5402 643 5469 δήμου
659 5404 696 5468 ἠν
717 5404 864 5472 Εὐριπίδης
885 5405 901 5458 ό
923 5408 974 5470 τῆς
991 5403 1149 5471 τραγῳδίας
1174 5406 1258 5456 alium
1270 5420 1377 5470 quoque
1388 5411 1497 5471 postam
1507 5407 1651 5472 tragicum,
1661 5405 1820 5469 Philoclem¹
1832 5407 2003 5472 exagitatum

317 5471 445 5537 ποιητής.
494 5470 662 5539 Καλλιάδου]
677 5472 790 5526 καλλίου
801 5476 891 5526 Ambr.
905 5476 933 5524 in
947 5474 1148 5539 qnascriptura
1160 5448 1163 5561 l
1175 5474 1260 5524 fnisse
1279 5475 1455 5539 cognovimus
1472 5491 1506 5525 ex
1523 5474 1627 5524 scholio
1644 5474 1737 5524 lacero
1754 5473 1818 5524 libri
1831 5473 2003 5525 Ravennatis

318 5541 428 5592 codices
438 5556 531 5593 omues
542 5542 588 5606 qui
598 5546 729 5606 excerpta
739 5542 772 5592 de
778 5543 844 5594 Vita
853 5543 993 5609 Euripidis
1007 5544 1150 5594 continent
1161 5576 1163 5589 .
1176 5541 1211 5592 ad
1227 5541 1310 5593 Arist.
1328 5543 1437 5592 Thesm.
1455 5538 1522 5608 168.)
1540 5539 1736 5608 “Μνησίλοχός
1757 5539 1817 5593 ἐστ’
1832 5540 1949 5603 ἐκεῖνος,
1972 5538 2004 5601 ὃς

318 5611 475 5661 consentire
486 5610 624 5662 videntur.
649 5608 805 5661 correctum
816 5627 849 5662 ex
862 5611 976 5663 aliorum
988 5611 1150 5676 scriptorum
1175 5608 1276 5675 φρύγει
1291 5623 1318 5659 τι
1334 5608 1425 5674 όράμα
1441 5609 1539 5662 καινόν
1558 5610 1562 5675 Ι
1582 5608 1728 5676 Εὐριπίδη,
1747 5609 1791 5661 καί
1805 5608 1957 5675 Σωκράτης
1967 5606 2003 5658 τά

317 5678 395 5745 locis,
410 5679 444 5730 ab
458 5677 587 5730 Olintono
600 5677 732 5730 indicatis
745 5679 822 5730 Fast.
835 5681 910 5733 Heli.
923 5680 977 5732 vol.
992 5683 1017 5734 2.
1030 5697 1055 5745 p.
1066 5682 1107 5732 33.
1176 5676 1298 5744 φρύγαν’
1313 5677 1489 5743 ύποτίθησι.”
1519 5677 1564 5730 καί
1585 5678 1668 5730 πάλιν
1690 5676 1857 5744 *Ἔύριπίόης
1877 5675 1902 5729 δ’
1918 5676 1934 5728 ό
1953 5675 2003 5738 τάς
