4372 6614
282 500 326 564 34
441 525 447 530 ·
716 503 771 552 DE
797 501 956 552 itarius
985 499 1221 553 POETARUM
1249 498 1527 552 subulcorum

284 669 342 716 μσς
369 655 431 717 196,
446 657 470 708 1.
482 653 556 717 ἥξεις
568 651 600 705 δὲ
611 651 731 717 Λιγύων.
756 653 850 718 Agam.
864 656 921 704 639.
937 649 1026 718 χαίρω
1037 666 1065 703 τι
1078 651 1116 714 (τι
1143 648 1227 713 σίμσν
1239 648 1360 715 ἄβρστον
1373 647 1413 711 είς
1424 648 1549 716 ἐρημίαν.
1570 653 1627 703 793.
1640 649 1711 716 πρός
1722 651 1871 716 Γοργόνεια
1883 648 1974 702 πεδία.

283 737 335 788 ego
353 721 476 786 addidi),
494 719 637 773 τεθνάναι.
673 723 777 782 (biinus
798 722 869 771 bene
890 721 1035 786 compositi
1052 725 1117 770 suut
1144 718 1218 783 Sept.
1231 721 1289 770 693.
1302 719 1417 781 βαθεῖαν
1429 715 1518 770 ἄλοκα
1529 716 1573 769 διὰ
1585 717 1697 783 φρενός.
1722 720 1798 773 Pers.
1810 721 1869 771 296.
1886 716 1930 780 τίς
1941 715 1974 768 ού

282 791 360 840 Pers.
372 793 429 841 814.
442 787 595 854 πάσχουσι,
611 788 647 841 τά
659 788 690 840 δὲ
703 788 843 853 μέλλουσι.
862 795 891 839 ct
904 789 1000 853 fragm.
1013 790 1077 848 261,
1091 791 1115 838 9.
1142 783 1274 852 τέθνηκε,
1291 784 1356 837 τίνα
1368 784 1398 838 δέ
1411 783 1465 836 καί.
1489 787 1584 851 Agam.
1596 789 1655 838 660.
1672 785 1753 848 όπως
1769 786 1795 838 δ’
1807 785 1906 852 ἄριστα
1922 785 1975 836 τόν

281 856 335 908 τόν
347 857 435 908 παῖδα
445 855 499 908 τόν
511 856 602 922 ἐμόν.)
631 859 734 908 Eodem
746 855 825 907 modo
839 855 1115 922 Sophocleatiaos.
1142 850 1219 916 έμόν.
1256 852 1377 919 Choeplr.
1390 855 1449 904 669.
1464 852 1493 906 τί
1504 853 1538 918 δὴ
1551 852 1666 906 πύλαισι
1682 853 1736 905 τάν
1749 853 1852 920 ἱκέτην.
1877 861 1975 904 etses-

283 923 381 989 κρῆναί
393 938 425 976 τε
438 921 569 988 ποταμοί
594 925 667 977 1006.
681 922 767 987 ἦπού
782 921 975 986 μεΤελαμιύν.
1001 922 1070 974 Oed.
1083 923 1116 972 R.
1162 922 1206 970 ius
1227 922 1300 987 apud
1322 921 1499 987 Sophoclem,
1519 927 1551 972 ut
1571 925 1636 976 Ant.
1654 925 1695 974 29.
1712 921 1763 974 έᾶν
1783 922 1809 974 δ’
1825 921 1974 982 ἄκλαυτον,

283 994 340 1043 776.
354 991 448 1057 μήτηρ
460 992 490 1043 δὲ
499 991 633 1058 Μερόπη.
661 992 726 1044 Oed.
741 991 841 1042 (1809.
856 989 896 1052 rb<
908 990 943 1055 δὴ
956 990 991 1042 σύ
1004 988 1114 1055 βραχέα.
1143 937 1264 1053 ἄταφον.
1301 990 1343 1043 Ai.
1353 991 1394 1040 61.
1413 986 1550 1054 μεμηνότ’
1560 987 1649 1054 ἄνδρα
1661 991 1832 1054 περιφανῶς.
1864 988 1973 1040 Oedlt.

282 1060 399 1114 Plutus.
414 1059 532 1126 Νέστωρ
545 1059 685 1120 όΠύλισς.
704 1061 777 1113 1014.
791 1056 867 1123 ψυχὴ
880 1073 925 1111 νιν
937 1057 1023 1122 άφυά.
1042 1060 1116 1110 1029.
1142 1058 1202 1107 966.
1215 1055 1255 1118 ιίις
1266 1054 1362 1108 οὐκέτ’
1373 1055 1446 1108 ἄντα
1457 1055 1599 1118 Πόλυβον.
1624 1057 1693 1108 Oed.
1706 1058 1737 1108 tt.
1750 1059 1809 1110 246.
1827 1055 1916 1109 κακόν
1929 1069 1973 1106 κα-

283 1127 328 1178 καί
338 1125 428 1179 νοντί
439 1127 468 1190 μ’
476 1126 568 1189 ἄγετε.
583 1129 785 1192 6663166731.
797 1125 868 1190 αύτη
878 1125 909 1177 δὲ
920 1126 1043 1192 μάχιμος.
1057 1128 1116 1189 626,
1143 1126 1200 1184 κύις
1212 1139 1256 1175 νιν
1266 1120 1381 1188 ἄμορσν.
1397 1125 1447 1176 Ph.
1456 1129 1515 1176 337.
1528 1123 1665 1190 ἀμηχανῶ
1675 1123 1706 1177 δὲ
1715 1122 1847 1190 πότερον.
1867 1125 1910 1177 Ai.
1919 1127 1976 1174 44³.

287 1194 483 1246 1.ἄλλ’ἔσ9’ό
497 1193 625 1256 θάνατος.
650 1200 678 1244 et
690 1194 789 1247 Trach.
802 1197 828 1245 4.
847 1193 904 1257 ἐγὼ
923 1193 953 1245 δέ
969 1193 1022 1244 τόν
1039 1192 1116 1256 ἔμόν.
1144 1188 1247 1255 κρίνειν
1259 1189 1360 1254 ἔμελλε
1373 1190 1484 1257 κράτος.
1513 1196 1571 1244 676.
1589 1191 1747 1258 Εύρύσακες
1759 1191 1820 1257 ίσχε
1833 1191 1885 1244 διά.
1913 1195 1973 1243 Ant.

283 1262 351 1312 Oed.
365 1263 395 1313 O.
406 1265 447 1314 26.
459 1261 741 1325 ἄλλ’ὃστιςότὸπσς.
761 1259 803 1311 El.
814 1263 888 1313 1264.
899 1260 962 1313 τότ’
972 1260 1045 1323 είδες
1057 1261 1115 1312 ότε.
1144 1261 1201 1311 742.
1218 1257 1242 1310 u
1261 1258 1434 1322 παγκάκιστε
1452 1259 1496 1312 διὰ
1512 1257 1597 1325 δίκης.
1632 1261 1701 1312 Oed.
1718 1261 1751 1312 R.
1771 1263 1828 1312 666.
1846 1263 1909 1321 πῶς
1924 1256 1974 1311 σύν

334 1331 376 1380 De
395 1330 543 1382 tribrachis
560 1330 672 1381 secundi
690 1329 770 1395 pedis
791 1345 826 1380 ex
841 1344 895 1379 uno
913 1330 1048 1380 vocabulo
1069 1329 1116 1380 tri·
1143 1325 1206 1378 τόθ’
1222 1325 1306 1389 σύτσς
1323 1327 1339 1378 ὁ
1356 1327 1454 1391 σοφός.
1491 1328 1560 1380 Oed.
1578 1329 1607 1378 0.
1624 1331 1682 1380 623.
1701 1326 1901 1382 scortatore
1922 1325 1975 1377 τόν

283 1397 392 1462 syllabo
409 1399 444 1449 ab
464 1399 595 1463 Euripide
613 1399 741 1449 formatis
758 1397 985 1462 supradiximus.
1019 1398 1116 1462 Longe
1143 1392 1238 1458 ἀσεβῆ.
1262 1397 1325 1446 Ant
1343 1399 1383 1446 31.
1399 1395 1518 1448 τοιαύτά
1534 1407 1605 1460 φασι
1619 1396 1673 1447 τόν
1689 1395 1804 1460 άγαθόν.
1833 1396 1884 1452 Ph,
1902 1396 1975 1446 1029.

285 1466 458 1532 frequentius
479 1465 635 1516 tribrachus
656 1465 729 1532 apud
752 1479 813 1515 euru
833 1465 911 1514 cadit
930 1466 958 1515 in
981 1465 1117 1516 vocabula
1144 1462 1188 1514 καί
1202 1460 1294 1514 νοντῖ
1307 1462 1335 1524 μ’
1345 1461 1443 1526 άγετε;
1462 1461 1489 1514 τί
1502 1462 1531 1526 μ’
1542 1462 1693 1527 ἀπάγεσθε.
1718 1465 1791 1516 1247.
1805 1464 1851 1516 καί
1863 1458 1974 1524 πύιςδί-

283 1533 488 1600 quedrisyllaba
513 1533 559 1584 vel
585 1531 830 1598 quinquesyllaba,
854 1547 968 1598 quorum
992 1533 1118 1598 exempla
1144 1543 1224 1582 καιον
1235 1527 1253 1580 ά
1265 1529 1293 1593 γ’
1304 1529 1409 1594 ἔλαβες.
1428 1532 1492 1583 Ant.
1505 1533 1562 1585 716.
1577 1531 1622 1583 καί
1634 1533 1687 1582 νον
1699 1530 1760 1594 ἄγει
1772 1546 1806 1596 με
1819 1530 1864 1583 διά
1875 1532 1974 1595 χερῶν.

284 1601 398 1667 collegit
419 1600 568 1652 Muellerus
590 1617 616 1666 p.
632 1603 689 1665 49,
712 1599 790 1650 velut
807 1601 889 1652 Herc.
907 1600 926 1650 i.
938 1603 997 1652 493.
1013 1597 1031 1662 ι)
1050 1599 1117 1665 πρίν
1143 1597 1192 1647 Ph.
1205 1599 1262 1648 661.
1274 1595 1337 1648 ἀλλ’
1347 1596 1444 1663 ἔκφερ’
1455 1597 1537 1650 αὐτό·
1555 1597 1583 1650 τί
1594 1598 1656 1664 γάρ.
1680 1601 1739 1654 916.
1751 1601 1835 1651 ποῖον
1848 1596 1972 1662 μάθημα;

282 1666 416 1733 μακαρία,
435 1668 536 1719 Phoen.
554 1670 613 1720 860.
629 1667 713 1732 δαρὸς
729 1665 887 1719 Δαναίδων.
913 1667 975 1733 Ιρδ.
992 1669 1024 1718 Τ.
1042 1670 1116 1720 1264.
1142 1661 1171 1715 τί
1188 1679 1222 1728 με
1239 1668 1321 1726 νοεῖς.
1355 1666 1513 1718 Εκκυιιάοπι
1530 1667 1697 1717 solutionum
1714 1669 1833 1718 omdium
1850 1664 1975 1730 exempla

286 1733 309 1785 ύι
334 1734 520 1802 ναοφύλακες.
560 1736 604 1787 Ai.
629 1739 688 1786 939.
723 1734 934 1800 Ἠλεκτρυόνσς.
974 1737 1034 1788 lou.
1059 1739 1116 1786 999.
1144 1732 1260 1797 plurima
1277 1732 1418 1800 Euripidis
1435 1734 1550 1800 collegit
1567 1733 1716 1786 Muellerus
1732 1751 1757 1800 p.
1770 1736 1888 1786 66-62.
1915 1734 1974 1784 Tri-

285 1802 459 1867 Ἐριχθόνιον.
482 1804 524 1857 ΕΙ.
539 1801 806 1868 1260.“Αλιρρόθιον.
830 1803 893 1854 Hel.
908 1805 982 1854 1643.
995 1801 1116 1855 θεοκλύ-
1143 1800 1260 1851 bruchus
1281 1816 1315 1850 ex
1337 1801 1535 1866 monosyllabis
1556 1801 1645 1852 tribus
1671 1803 1839 1868 compositus
1863 1803 1892 1852 iu
1913 1798 1975 1852 cod.

284 1885 358 1933 μενε.
397 1871 634 1937 Frequentissima
658 1886 723 1921 vero
749 1870 882 1922 tribrachi
903 1871 991 1922 forma
1014 1879 1058 1922 est
1083 1886 1117 1920 ex
1143 1868 1227 1918 Laur.
1240 1868 1381 1934 Sophoclis
1394 1869 1462 1922 Oed.
1475 1871 1508 1920 R.
1527 1871 1584 1921 749.
1602 1869 1648 1922 καί
1666 1869 1722 1933 μὴν
1738 1869 1815 1921 όκνύι
1834 1867 1899 1933 μὲν,
1917 1865 1934 1918 δ
1949 1866 1975 1918 δ’

283 1938 387 1989 duobus
409 1939 555 2005 compositi
572 1939 715 1990 vocabulis
737 1953 850 2003 quorum
871 1938 989 1990 alterius
1009 1938 1116 2002 syllaba
1142 1933 1178 1986 ἄν
1195 1933 1244 2002 ἔρῃ
1262 1942 1337 1988 τεοῖο
1354 1943 1474 1990 remotus
1491 1943 1535 1988 est
1554 1938 1584 1988 in
1609 1937 1716 2003 aliquot
1733 1953 1839 2004 apogra
1859 1937 1916 1999 his,
1933 1951 1975 1984 re-

283 2007 539 2126 33137733
553 2003 1003 2136 “ilnttflttltltlti'
1019 2003 1117 2136 “Ab
1143 2001 1657 2126 1379933..’739361
1674 1953 1975 2135 3371961971

284 2143 345 2193 libri
360 2143 486 2192 nonnulli
498 2087 692 2206 mflfe‘uropo'}
704 2139 870 2205 ἄκλαυστος,
883 2147 914 2192 ut
926 2088 1116 2208 αμαάφέιςιρδσ-
1144 2151 1192 2200 νος
1209 2137 1239 2201 μ’
1253 2087 1306 2191 obla
1323 2087 1438 2204 ὠξιελεῖῖ
1463 2146 1492 2191 et
1513 2143 1554 2191 sic
1570 2086 1705 2205 γὰρρόχτε
1723 2140 1764 2192 El.
1777 2143 1836 2192 391.
1854 2139 1889 2190 ἄν
1905 2136 1923 2189 ἄ
1938 2136 1974 2190 σύ

283 2209 353 2260 clem
372 2209 468 2275 Antig.
489 2210 532 2260 29,
554 2210 583 2259 in
604 2209 662 2260 cod.
683 2211 767 2263 Laur.
788 2209 859 2260 male
884 2207 934 2260 ἔίῖν
957 2208 983 2260 δ’
1003 2207 1117 2274 ἄταφον
1143 2207 1383 2258 succussant·
1402 2205 1460 2260 ὁδέ
1473 2212 1546 2259 1116.
1561 2207 1596 2258 σύ
1609 2206 1641 2260 σέ
1652 2221 1684 2259 τε
1696 2208 1757 2274 Iph.
1770 2209 1803 2259 T.
1815 2209 1873 2259 991.

282 2277 426 2328 ἄκλαυτον
440 2279 585 2342 scriptum,
603 2280 682 2327 recta
693 2293 758 2327 vero
770 2278 914 2342 verborum
928 2277 1075 2328 collocatio
1087 2277 1116 2327 in
1192 2275 1226 2325 Iu
1239 2279 1337 2339 quarta
1350 2277 1454 2326 senarii
1466 2276 1531 2327 sedc
1543 2275 1707 2328 vocabulum
1718 2275 1975 2327 tribrachi'rnensu-

283 2341 1117 2464 3333333993363.’6367433133
1143 2341 1639 2472 696316392936699391
1655 2343 1976 2475 limitabit

283 2428 482 2530 tribgachorum
495 2428 678 2532 congererent
691 2480 715 2542 1)
729 2428 911 2531 οιιύοααύαίσ
924 2481 1116 2545 monosyllabo
1143 2475 1213 2527 clem
1225 2477 1295 2528 Oed.
1308 2479 1341 2530 R.
1354 2479 1413 2528 826.
1447 2427 1819 2543 vocabulsqqnadrisytlnbrf
1829 2480 1858 2528 iu
1876 2479 1973 2528 tribra-

284 2553 312 2596 et
326 2547 434 2596 duabus
447 2547 542 2612 primis
555 2549 672 2613 proximi
684 2547 812 2600 vocabuli
824 2547 940 2612 syllabis
953 2547 1115 2613 composito·
1143 2545 1223 2595 chum
1245 2546 1376 2595 exeuntia
1396 2545 1427 2596 in
1445 2545 1514 2611 pede
1533 2553 1633 2611 quarto
1654 2551 1718 2597 suut
1732 2544 1876 2610 τυμβοχόα
1897 2544 1974 2610 Sept.

283 2629 352 2676 rum,
365 2620 397 2663 ut
409 2614 494 2666 Andr.
506 2617 548 2666 40.
561 2617 617 2667 174.
629 2614 724 2679 πατὴρ
735 2628 768 2666 τε
780 2613 906 2680 θυγατρί.
932 2618 988 2670 197.
1002 2614 1116 2677 πόλεως
1144 2615 1216 2663 1022.
1240 2609 1390 2677 άμφότερα
1402 2615 1479 2668 Pers.
1488 2617 1548 2665 491.
1570 2611 1694 2678 νηφάλια
1706 2615 1784 2666 Eum.
1798 2617 1854 2665 107.
1876 2610 1975 2662 Paullo

281 2695 314 2733 τε
332 2679 449 2744 μεγέθει.
486 2683 571 2748 Ηίρρ.
585 2685 626 2734 76.
646 2679 736 2744 attor
752 2696 785 2734 τε
797 2681 974 2747 ποταμίαισι,
995 2683 1114 2749 aliisque
1143 2679 1223 2744 plura
1237 2679 1363 2745 exempla
1376 2687 1440 2733 suut
1458 2681 1592 2732 tribrachi
1609 2683 1656 2747 qui
1675 2699 1709 2733 ex
1722 2681 1829 2746 syllaba
1844 2680 1977 2732 vocabuli

283 2749 351 2800 locis
365 2750 399 2800 ab
413 2750 545 2800 bluellero
557 2750 686 2802 iudicatis
699 2767 724 2816 p.
733 2753 775 2801 62.
786 2753 827 2804 63.
844 2752 871 2814 2)
891 2767 925 2802 ex
942 2751 1048 2802 duobus
1060 2767 1115 2801 rno-
1142 2747 1240 2798 ultima
1256 2753 1285 2798 et
1304 2748 1410 2800 duabus
1428 2749 1524 2814 primis
1546 2751 1662 2815 proximi
1678 2750 1845 2815 compositus
1867 2754 1922 2810 est,
1944 2753 1976 2796 ut

283 2816 435 2882 nosyllabls
449 2819 589 2882 primaque
602 2819 718 2883 proximi
730 2817 860 2869 vocabuli
870 2817 988 2884 syllaba,
1000 2817 1113 2869 uthicd.
1143 2815 1218 2867 θεῖνε
1236 2813 1382 2880 διατόρους
1404 2816 1493 2871 Prom.
1511 2819 1552 2868 76.
1575 2817 1644 2870 ἔνθα
1665 2815 1794 2880 ποταμός
1814 2818 1872 2868 609.
1899 2815 1975 2880 λῆμα

284 2887 357 2936 1347.
370 2883 431 2948 ἔμοί
443 2883 474 2937 δὲ
486 2884 539 2937 τόν
551 2884 628 2949 έμόν.
652 2886 749 2952 Suppl.
762 2887 821 2939 226.
840 2883 935 2947 κοινάς
946 2884 1000 2950 γὰρ
1012 2884 1029 2937 ό
1041 2884 1114 2948 θεός.
1142 2881 1334 2946 Πολυφόντου
1347 2884 1424 2947 Sept.
1437 2887 1496 2936 446.
1511 2883 1597 2936 τόνδε
1611 2882 1802 2946 Πολυνείκους
1815 2886 1889 2936 1013.
1906 2883 1974 2934 obre

282 2951 386 3003 Pboou.
398 2954 456 3003 414.
469 2951 561 3017 σοφάς
576 2951 630 3018 γάρ
646 2951 663 3004 ό
681 2951 754 3014 θεός.
783 2951 828 3003 Or.
844 2956 903 3004 236.
937 2957 1068 3018 κρεῖσσον
1083 2951 1116 3005 δέ
1142 2948 1276 3013 Πέλοπος
1288 2951 1365 3004 Eum.
1378 2953 1436 3006 706.
1460 2950 1550 3003 αὐτόν
1563 2951 1690 3018 ἄφνίδισς
1703 2953 1754 3017 (sic
1765 2953 1915 3004 Elmsleius
1925 2966 1974 3016 pro

282 3018 318 3069 τό
335 3019 437 3072 δοκεῖν.
473 3021 544 3073 liec.
563 3023 604 3072 10.
622 3020 715 3073 πολύν
735 3019 766 3072 δέ
783 3019 836 3073 σύν
856 3018 926 3083 ἔμοί.
949 3032 979 3072 et
996 3022 1115 3072 interce·
1142 3015 1290 3084 αἰφνίδιος)
1303 3019 1393 3074 Prom.
1404 3022 1464 3072 666.
1481 3017 1575 3085 Ζηνός
1587 3018 1692 3073 ίκεσίου
1705 3020 1803 3086 Suppl.
1814 3021 1872 3072 346.
1888 3017 1974 3084 (uude

283 3087 365 3138 dente
384 3088 606 3156 interpunctione
619 3089 678 3154 Iph.
692 3091 724 3141 A.
741 3089 801 3140 667.
813 3085 889 3140 θέλω
902 3100 948 3152 γε·
966 3087 1001 3139 τό
1014 3089 1115 3141 τελεῖν.
1142 3086 1177 3137 16·
1188 3084 1348 3151 611.Ζηνάς
1360 3085 1465 3141 ίκεοίου
1481 3089 1592 3139 restitui
1608 3105 1656 3154 pro
1669 3086 1775 3141 ἱκεσίου
1786 3085 1888 3152 Ζηνός,
1902 3086 1974 3152 quod

282 3156 308 3216 3)
322 3171 355 3205 ex
369 3155 479 3222 syllaba
490 3156 570 3208 brevi
582 3156 673 3220 finali,
690 3155 879 3222 monosyllabo
916 3157 1037 3222 rimaque
1055 3171 1115 3223 pro·
1143 3159 1185 3206 est
1198 3155 1227 3204 in
1240 3153 1356 3217 codice.)
1381 3154 1548 3208 Tribrachus
1565 3171 1599 3206 ex
1616 3156 1805 3220 monosyllabo
1824 3161 1852 3206 et
1866 3156 1974 3205 duabus

282 3223 349 3272 xirui
360 3223 491 3273 vocabuli
503 3223 621 3290 syllaba,
634 3232 667 3275 ut
676 3224 759 3274 Andr.
769 3227 828 3274 671.
842 3173 1037 3287 μέλῖαυσισύν
1046 3221 1114 3287 ἐμοί.
1142 3222 1237 3286 primia
1248 3223 1376 3274 vocabuli
1394 3225 1509 3289 proximi
1523 3227 1691 3290 compositus
1706 3237 1738 3275 τε
1751 3221 1918 3276 πολύπονον
1930 3227 1976 3272 sst

281 3289 395 3341 Hercul.
408 3292 465 3342 671.
479 3291 524 3342 καί
536 3289 623 3343 παῖδα
638 3290 691 3343 τόν
708 3289 786 3355 ἐμόν.
813 3291 840 3355 4)
860 3307 893 3342 ex
911 3307 924 3343 s
944 3291 1019 3343 llaba
1036 3293 1115 3344 brevi
1142 3291 1219 3343 Pers.
1234 3292 1307 3352 320,
1327 3307 1360 3341 ex
1382 3291 1489 3356 syllaba
1506 3290 1583 3342 finali
1603 3297 1633 3343 et
1648 3291 1787 3356 disyllabo
1805 3289 1912 3355 μάθητε
1929 3287 1975 3340 διὰ

272 3356 358 3407 rhoali
371 3364 398 3410 et
411 3356 558 3423 disyllabo,
572 3364 604 3409 ut
615 3359 764 3410 intrans.
776 3357 908 3424 ἐπέσχον,
922 3309 969 3412 ἵνα
981 3371 1034 3412 σοι.
1056 3363 1114 3413 333.
1140 3359 1231 3408 Prom.
1244 3358 1302 3409 273.
1324 3359 1412 3421 γνῶθι
1424 3359 1489 3410 τίνα
1500 3359 1574 3425 Sept.
1587 3361 1645 3414 634.
1670 3361 1788 3423 μαντάα
1799 3358 1864 3422 περί
1878 3359 1900 3408 A
1921 3373 1974 3408 arn.

282 3423 424 3491 Μενέλαε,
442 3423 520 3490 φέρε.
545 3428 603 3478 369.
615 3425 783 3492 προύδωκας
802 3424 912 3479 τίνα-.
935 3429 963 3492 6)
976 3444 1011 3478 ex
1022 3443 1113 3480 mono·
1143 3427 1217 3476 1266.
1234 3424 1342 3489 ἥμαρτε
1358 3426 1423 3491 περί
1440 3429 1538 3492 fragm.
1552 3429 1614 3486 179,
1633 3431 1657 3479 3.
1676 3443 1710 3478 ex
1726 3427 1836 3492 syllaba
1852 3373 1927 3476 inoffi
1945 3432 1976 3475 et

281 3492 390 3557 syllabo
404 3499 432 3544 et
444 3493 596 3558 disyllabo,
614 3501 645 3545 ut
657 3495 704 3547 Or.
717 3496 775 3545 483.
788 3492 883 3548 κείνου
900 3493 954 3560 γάρ
972 3494 1029 3547 ὅδε.
1054 3499 1113 3548 490.
1143 3493 1332 3557 monosyllabo
1344 3496 1486 3560 primaque
1497 3495 1614 3560 proximi
1622 3494 1754 3547 vocabuli
1765 3494 1876 3560 syllaba
1885 3493 1975 3544 Prom.

281 3559 352 3625 όργὴ
373 3559 427 3625 γάρ
448 3559 513 3625 ἄμα.
546 3563 605 3614 647.
626 3559 724 3614 ἄδικόν
744 3576 771 3613 τι
788 3561 872 3628 παρά.
908 3565 935 3628 6)
954 3580 988 3613 ex
1005 3563 1114 3628 syllaba
1142 3563 1199 3612 364.
1212 3559 1339 3625 Τυφῶνα
1351 3563 1469 3627 θοορσν,
1483 3563 1568 3614 πᾶσιν
1580 3561 1611 3624 ὃς
1625 3559 1730 3627 ἄνέστη
1745 3563 1828 3624 θεοῖς.
1850 3563 1919 3612 Nam
1933 3561 1976 3610 sio

266 3627 359 3698 'finali
371 3633 398 3678 et
409 3629 606 3692 monosyllabis
618 3630 738 3693 duobus,
755 3635 788 3680 ut
799 3629 858 3684 Ion.
869 3633 929 3684 411.
941 3629 1083 3696 ἔλθοιμεν,
1096 3631 1114 3682 ἄ
1142 3628 1365 3682 Wuuderlichius
1379 3636 1454 3682 recte
1469 3630 1589 3684 correxit
1604 3631 1674 3696 quod
1687 3636 1731 3681 est
1743 3630 1772 3680 in
1786 3629 1880 3681 codice
1895 3625 1975 3679 όντὲ-

281 3709 313 3748 τε
327 3699 395 3760 νῷν.
424 3697 483 3763 lph.
497 3697 528 3750 Τ.
543 3699 599 3749 766.
613 3697 685 3763 πρὸς
701 3697 832 3762 Ἀργοςό
848 3711 875 3750 τι
887 3711 927 3750 τε.
958 3699 1004 3751 Or.
1015 3701 1075 3762 499.
1086 3697 1114 3750 τί
1142 3707 1211 3761 ατη,
1229 3698 1276 3761 qui
1288 3711 1417 3749 numerus
1428 3698 1515 3750 nihilo
1533 3699 1655 3750 deterior
1670 3705 1713 3750 est
1726 3713 1806 3763 quam
1823 3695 1876 3748 τόν
1887 3695 1975 3748 παῖδα

282 3762 407 3827 δρῶντες
420 3764 436 3816 ὅ
448 3778 475 3814 τι
487 3762 543 3816 καί.
566 3765 591 3826 7)
605 3767 743 3817 rarissime
757 3781 791 3816 ex
804 3766 893 3818 tribus
904 3767 1113 3833 monosyllabis,
1142 3761 1194 3813 τὸν
1207 3762 1277 3827 έμόν
1289 3766 1318 3814 in
1329 3765 1411 3817 initio
1423 3767 1525 3818 sensui
1538 3767 1633 3832 fragm
1645 3767 1702 3819 261.
1716 3773 1745 3816 ct
1757 3769 1786 3816 in
1801 3766 1861 3832 ipso
1874 3769 1975 3830 quarto

282 3836 314 3879 nt
331 3831 432 3881 Bacch.
450 3833 508 3883 616.
526 3829 661 3897 στείχοιμ’
673 3831 720 3884 ἄν·
740 3831 757 3884 ό
774 3847 801 3883 τι
817 3831 879 3898 γάρ,
908 3837 935 3897 3)
952 3849 1007 3885 non
1024 3837 1114 3886 minus
1143 3831 1211 3896 pede
1230 3833 1303 3898 apud
1321 3832 1483 3898 Sophoclem
1500 3834 1542 3884 Ai.
1559 3837 1618 3886 630.
1641 3831 1734 3898 κόμιζέ
1752 3832 1805 3886 νύν
1825 3847 1870 3896 μοι
1887 3831 1974 3884 παῖδα

283 3913 344 3948 raro
358 3913 391 3947 ex
405 3898 553 3964 disyllabo,
567 3901 644 3951 cuius
656 3900 766 3966 syllaba
784 3901 874 3951 altera
886 3902 926 3952 sic
941 3917 1035 3966 parum
1049 3907 1114 3968 apte
1142 3896 1195 3949 τὸν
1207 3896 1276 3961 ἐμόν
1289 3897 1329 3961 ιύς
1341 3899 1401 3952 ίδω.
1424 3907 1454 3952 et
1465 3901 1539 3966 apud
1552 3901 1710 3968 Euripidem
1723 3903 1783 3952 Alc.
1796 3905 1820 3954 3.
1837 3897 1908 3961 Ζεύς
1920 3898 1975 3963 γὰρ

282 3965 333 4014 sub
351 3966 437 4015 ictum
454 3966 544 4030 cadit,
563 3967 704 4033 primaque
716 3969 833 4034 proximi
849 3969 979 4019 vocabuli
996 3970 1114 4034 syllaba,
1143 3967 1283 4029 κατακτάς
1295 3967 1380 4019 παῖδα
1392 3967 1445 4021 τόν
1457 3967 1528 4031 ἐμόν
1539 3967 1635 4030 αίτιος.

282 4037 313 4082 ut
330 4032 388 4086 lon.
408 4035 466 4084 931.
488 4029 515 4083 τί
535 4034 606 4100 φηςι
629 4033 693 4086 τίνα
713 4033 809 4096 λόγον.
823 4100 830 4120 t
844 4036 944 4087 Bacch.
964 4039 1023 4088 940.
1044 4037 1115 4090 όταν
1193 4034 1273 4099 Apud
1290 4036 1454 4116 Sophoclem
1475 4038 1631 4088 tribrachus
1648 4037 1741 4102 quarti
1758 4038 1837 4104 pedis
1853 4035 1976 4088 efficitur

281 4097 1115 4238 33933337.916333331313333
1142 4101 1976 4235 ibitis·tttltbtttttbttrtttiltsstisbit

282 4234 348 4287 ποτ’
356 4233 390 4287 ού
400 4233 477 4302 χούς,
493 4236 564 4302 quod
577 4242 620 4288 est
631 4238 660 4288 in
674 4237 783 4289 codice:
797 4239 841 4288 cui
855 4253 906 4305 ego
920 4241 1040 4306 praetuli
1048 4241 1114 4294 Por·
1143 4239 1251 4288 nomine
1266 4239 1303 4292 ib.
1319 4239 1381 4294 466,
1409 4238 1590 4304 Νεοπτόλεμε
1607 4241 1657 4292 Ph.
1675 4243 1714 4304 4.,
1737 4237 1853 4304 οὐράνια
1874 4240 1971 4305 fragm.

282 4304 344 4354 soni
356 4304 577 4355 emendationem
588 4303 671 4356 οὔπω
684 4301 752 4369 χούς
764 4304 836 4358 ποτ’.
1143 4307 1200 4356 379.
1229 4306 1261 4356 lu
1275 4305 1389 4372 reliquis
1401 4307 1550 4373 Sophocles
1567 4325 1621 4360 nou
1637 4308 1751 4360 multum
1762 4307 1857 4359 differt
1872 4308 1908 4358 ab
1920 4309 1974 4356 Ae-

332 4368 365 4419 In
377 4373 461 4423 tertio
474 4373 578 4422 senarii
590 4373 660 4438 pede
671 4373 807 4424 vocabula
818 4389 889 4439 quas
898 4375 1032 4426 tribrachi
1042 4391 1115 4427 men·
1143 4372 1246 4436 schylo.
1281 4373 1444 4440 Plerumque
1462 4377 1601 4428 tribracho
1618 4393 1652 4427 ex
1666 4375 1764 4427 ultima
1775 4375 1904 4428 vocabuli
1917 4375 1974 4439 syl·

284 4451 374 4488 suram
393 4438 517 4491 habeant
540 4439 617 4491 nulla
641 4441 716 4506 apud
739 4441 906 4506 Aeschylum
929 4443 1113 4509 reperiuntur,
1144 4440 1209 4490 laba
1226 4446 1255 4491 et
1271 4441 1378 4492 duabus
1395 4445 1527 4507 proximis
1545 4443 1659 4509 syllabis
1675 4443 1826 4510 composito
1842 4457 1908 4495 usus
1920 4448 1974 4506 est,

280 4519 365 4556 unum
379 4507 451 4571 apud
469 4507 633 4572 Sophoclem
650 4508 693 4559 lli.
709 4510 782 4560 1361.
799 4509 881 4574 χαῖρ’,
899 4507 923 4560 dr
941 4506 1044 4575 πάτερ·
1063 4527 1115 4564 πα.
1143 4507 1219 4559 velut
1236 4509 1279 4559 Ai.
1296 4511 1338 4564 66.
1360 4508 1419 4561 ἔνθ’
1434 4509 1566 4564 ἐσπεσὼν
1582 4511 1671 4576 ἔκειρε
1688 4510 1856 4576 πολύκερων
1871 4509 1973 4575 φόνον.

281 4571 351 4637 τέρα
361 4571 415 4638 γὰρ
428 4571 542 4639 είσσρόν
554 4574 644 4640 δσκύι,
662 4576 740 4626 nulla
753 4577 826 4642 apud
838 4577 1037 4644 Euripidem).
1062 4581 1115 4631 Vo-
1142 4575 1193 4626 Ph.
1209 4576 1268 4626 464.
1290 4578 1395 4630 νεύσσν
1412 4578 1483 4644 πρὸς
1503 4577 1592 4640 αὐτοῦ
1610 4578 1703 4645 Ζηνὸς
1719 4577 1838 4642 ἱκεσίου,
1860 4577 1972 4631 τέκνον·

201 4673 204 4682 .
282 4640 376 4690 cabuli
389 4642 589 4707 quadrisyllabi
601 4644 629 4693 iu
641 4639 812 4694 tribrachum
824 4647 951 4697 exeuntis
963 4648 1115 4712 exemplum
1143 4642 1259 4708 aliisque
1272 4645 1343 4696 locis
1356 4647 1391 4696 ah
1403 4645 1537 4700 Muellero
1550 4647 1681 4699 indicatis
1694 4663 1719 4713 p.
1733 4650 1775 4698 67.
1787 4650 1839 4711 36,
1856 4647 1901 4698 vel
1912 4647 1974 4697 siue

280 4723 365 4758 unum
378 4716 422 4759 est
430 4710 562 4775 Aeschyli
575 4711 653 4761 Euro.
664 4713 722 4762 436.
735 4709 812 4773 ὑμεῖς
823 4709 855 4763 δέ
867 4712 1003 4777 μαρτύριά
1013 4727 1046 4765 τε
1059 4711 1115 4778 καί,
1143 4710 1298 4762 huiusmodi
1309 4727 1390 4776 nexu,
1403 4719 1434 4764 ut
1445 4715 1509 4765 Ant.
1522 4717 1580 4770 902,
1592 4713 1660 4779 χοάς
1672 4714 1775 4767 ἔδωκα·
1793 4717 1847 4766 νύν
1864 4713 1903 4778 δέ,
1915 4711 1975 4766 Πο-

283 4775 336 4826 dno
350 4776 510 4841 Sophoclis,
528 4776 598 4832 Oed.
607 4778 638 4828 R.
651 4781 710 4829 301.
725 4776 833 4844 ἄρρητά
849 4779 877 4830 τ’
888 4778 1004 4844 ούρόνιά
1019 4795 1052 4833 τε
1069 4782 1115 4834 καί
1142 4775 1277 4843 λύνεικες,
1289 4778 1324 4830 τό
1335 4779 1399 4832 σόν.
1425 4782 1493 4838 Oed.
1506 4783 1538 4838 it.
1552 4787 1625 4834 1063.
1638 4783 1683 4848 ἠδ’
1694 4781 1730 4836 ἄν
1741 4781 1803 4834 τάδ’
1813 4781 1866 4847 σύχ
1881 4779 1975 4846 ἥκιστ’

282 4842 460 4908 χθονσστιβῆ.
485 4843 812 4907 Οσά.0.1316.Τυδεύς·
830 4843 924 4911 τρίτος
936 4847 962 4898 δ’
973 4847 1115 4912 Ἐτέοκλος
1142 4844 1177 4895 ἄν
1191 4843 1316 4912 Ἰοκάστη
1329 4846 1412 4910 λέγοι.
1446 4851 1492 4902 Tr.
1507 4853 1565 4902 746.
1583 4850 1693 4914 φανθὲν
1708 4847 1751 4912 τίς
1768 4847 1803 4901 ἄν
1819 4847 1926 4902 δύναιτ’
1938 4847 1973 4900 ἄν

282 4911 360 4974 (nisi,
379 4911 451 4977 quod
469 4912 498 4961 iu
515 4913 567 4963 hoc
583 4914 694 4964 nomine
713 4914 802 4964 minus
818 4917 961 4980 probabile
979 4921 1022 4967 cst
1035 4933 1117 4982 quam
1142 4910 1281 4978 ἀγένητον
1293 4918 1393 4968 ποιεῖν.
1428 4917 1471 4972 ΕΙ.
1485 4920 1543 4970 693.
1559 4915 1684 4985 ἔκλῄζετ’
1701 4915 1826 4983 Ἀργεῖος
1842 4915 1892 4981 μέν
1907 4913 1974 4968 ἀνα-

280 4978 308 5028 1ιι
327 4976 505 5041 Ἐτεοκλέους
521 4981 644 5045 nomine,
666 4980 776 5046 syllaba
797 4983 881 5032 tertia
896 4983 1034 5048 producta
1051 4983 1115 5050 est),
1142 4981 1322 5046 καλούμενος.
1356 4984 1407 5036 Ph.
1422 4987 1496 5037 1236.
1510 4984 1553 5046 δίς
1564 4984 1656 5039 ταύτὰ
1673 4984 1765 5049 βούλει
1778 4986 1824 5038 καί
1835 4985 1895 5050 τρῖς
1907 4983 1974 5036 ἄνα·

282 5045 387 5096 nullum
401 5047 474 5112 apud
486 5047 652 5114 Euripidem.
676 5049 765 5100 Tanto
776 5049 947 5114 frequentior
960 5051 1115 5103 tribrachus
1141 5049 1240 5100 πολεῖν
1253 5050 1281 5113 μ’
1290 5049 1345 5116 ἔπη
1360 5050 1424 5116 (nisi
1436 5053 1480 5104 his
1491 5053 1561 5105 locis
1572 5051 1783 5117 ἄγκαλούμενος
1795 5060 1824 5104 st
1835 5051 1973 5118 ἀμπολεῖν

282 5119 326 5163 esi
339 5115 416 5164 cuius
430 5119 538 5180 tempus
554 5116 668 5188 primum
686 5117 731 5168 vol
744 5115 855 5180 syllaba
866 5118 943 5169 vocis
961 5120 997 5170 sit
1008 5119 1113 5179 ultima,
1141 5115 1336 5184 scribendum).
1371 5122 1435 5171 Ant.
1448 5122 1521 5172 1060.
1538 5119 1631 5186 όρσεις
1650 5135 1683 5184 με
1694 5119 1832 5187 τάκίνητα
1848 5119 1892 5174 διᾶ
1907 5133 1974 5184 φρε-

280 5181 326 5230 vel
345 5197 398 5232 vox
415 5181 618 5248 monosyllaba,
638 5185 836 5236 convenienter
853 5184 993 5250 legitimas
1010 5189 1116 5238 senarii
1141 5181 1326 5250 νῶνφρύσαι.
1362 5188 1405 5238 Al.
1418 5189 1476 5240 666.
1496 5186 1564 5240 εἵσω
1582 5191 1656 5251 θεοῖς
1669 5189 1790 5242 ἐλθοῦσα
1807 5187 1852 5241 διὰ
1863 5187 1973 5252 τέλους,

282 5261 414 5300 caesurae
428 5251 640 5316 πενθημιμερεῖ,
657 5257 688 5302 ut
702 5251 798 5304 Aesch.
811 5253 902 5304 Prom.
915 5255 940 5305 2.
957 5251 1070 5320 Σκύθην
1087 5253 1116 5316 ἐς
1140 5249 1231 5313 γύναι.
1268 5253 1337 5304 Oed.
1355 5252 1384 5304 0.
1401 5257 1459 5307 966.
1479 5254 1542 5308 ἀλλ’
1557 5253 1590 5308 έν
1609 5255 1662 5322 γάρ
1683 5255 1735 5309 ούν
1751 5255 1852 5320 ἔξοιδα,
1873 5255 1905 5308 σέ
1921 5254 1974 5318 μὲν

280 5341 432 5353 —-—-
1141 5317 1236 5370 ἑκόντ’
1251 5317 1307 5382 έμέ.
1341 5323 1406 5374 Ant.
1421 5325 1494 5375 1103.
1513 5321 1564 5375 ὧδ’
1581 5323 1620 5388 ως
1638 5323 1695 5389 ἔχω
1712 5323 1849 5389 στείχοιμ’
1864 5321 1912 5375 ἄν·
1933 5321 1973 5375 ἴτ’

331 5381 355 5449 *)
374 5386 534 5453 Legebatur
545 5387 590 5440 Ei.
604 5391 644 5440 13.
660 5385 711 5449 ούς
722 5387 749 5439 δ’
759 5386 790 5440 ἔν
803 5385 897 5450 δόμοις
909 5387 1015 5475 ἔλιπεν,
1032 5388 1077 5440 ὅτ’
1088 5389 1116 5452 ἔς
1140 5384 1179 5437 1τ’
1194 5386 1324 5449 όπάανες.
1357 5390 1471 5456 Eragm.
1489 5395 1547 5444 334.
1566 5391 1611 5459 (ex
1631 5393 1755 5444 dramate
1772 5389 1907 5458 satyrico)
1922 5423 1941 5441 υ
1955 5411 1975 5442 a

282 5449 387 5517 Τροίαν
399 5453 488 5518 ἔπλει,
501 5455 548 5506 nbi
561 5462 636 5506 recte
651 5456 790 5507 Seidlerus
802 5454 928 5520 δόμοισιν
939 5455 1022 5520 ἔλιφ.
1055 5458 1115 5523 lph.
1141 5453 1280 5516 κυλισθείς
1292 5455 1331 5517 ιύς
1342 5469 1384 5518 τις
1396 5457 1463 5520 όνσς
1481 5456 1636 5525 ίσόσπριος,
1670 5461 1795 5526 Dipodia
1810 5477 1844 5512 ex
1861 5459 1974 5524 dactylo

282 5521 315 5570 T.
335 5523 393 5574 386.
411 5520 464 5572 σύκ
480 5520 541 5572 ἔσθ’
552 5521 632 5584 ὅπως
649 5521 747 5574 ἔτεκεν
763 5523 807 5580 ἄν.
836 5523 923 5575 Recte
939 5525 1115 5578 Hermannus
1141 5527 1170 5572 ei
1183 5523 1322 5574 tribracho
1336 5528 1504 5592 composite,
1518 5535 1649 5593 sequente
1662 5527 1716 5579 alio
1728 5528 1882 5590 tribracho,
1901 5527 1974 5579 Oed.

283 5587 350 5639 nor’
361 5587 467 5642 ἔτεκεν.
494 5587 603 5655 πατέρα
620 5592 661 5642 sic
673 5589 838 5644 collocatum
855 5593 884 5643 in
896 5607 979 5644 versu
995 5593 1115 5660 interpo-
1141 5591 1173 5640 a.
1186 5591 1244 5641 967.
1256 5594 1367 5644 κτενεῖν
1379 5592 1499 5657 ἔμελλον
1512 5595 1622 5660 πατέρα
1632 5595 1686 5648 τὸν
1697 5594 1775 5660 έμόν,
1794 5593 1853 5648 όδέ
1865 5593 1974 5646 θανών.

281 5655 380 5710 latoris
390 5656 451 5724 Iph.
463 5657 524 5710 Aul.
538 5660 595 5711 691.
1185 5659 1266 5724 Apud
1274 5661 1436 5726 Euripidem
1445 5664 1642 5716 vocabulorum
1652 5663 1825 5732 τριβραχέων
1835 5665 1863 5714 iu
1872 5669 1974 5729 quarto
