4268 6602
605 1529 1240 1626 ΕΥΡΙΠΙΔΟΥ
1307 1523 1752 1622 ΜΗΔΕΙΑ.
1864 1541 1866 1547 ’

787 2241 856 2313 ΤΑ
883 2239 988 2314 TOT
1014 2238 1294 2313 ΔΡΑΜΑΤΟΣ
1321 2237 1576 2312 ΠΡΟΣΩΙΙΑ

552 2428 710 2479 ΤΡΟΦΟΣ.
1228 2425 1349 2478 ΙΑΣΩΝ.

436 2535 441 2544 ·
552 2511 799 2562 ΠΑΙΔΑΙῺΙῸΣ.
1228 2510 1372 2561 ΑΙΓΕΤΣ.

553 2595 705 2646 ΜΗΔΕῙΔ.
1229 2595 1410 2644 ΑΓΓΕΔΟΣ,

552 2681 675 2730 ΧΟΡΟΣ
699 2678 896 2730 ΓΤΝΛῙΚΩΝ
916 2678 1135 2728 ΠΟΛΙΤῘΔΩΝ.
1230 2679 1371 2729 Imm
1389 2678 1569 2727 ΜΗΔΕΙΛΣ.

472 2780 475 2786 ·
552 2763 683 2814 ΚΡΕΩΝ.

1041 3253 1337 3328 ΤΠΟΘΕΣΙΣ.ιι

418 3437 531 3504 Ἰάσων
554 3437 599 3516 εἰς
624 3439 777 3518 Κόρινθον
801 3437 915 3521 ἐλθὼν,
939 3438 1140 3517 ἐπαγόμενος
1162 3441 1212 3502 καί
1235 3441 1388 3521 Μήδειαν,
1412 3438 1560 3514 ἐγγυᾶται
1582 3440 1640 3516 τὴν
1660 3439 1818 3517 Κρέοντος
1841 3439 1901 3499 τοῦ
1926 3435 2026 3512 Κοριν·

334 3543 412 3605 θίων
441 3541 601 3620 βασιλέως
629 3541 788 3617 θυγατέρα
816 3539 956 3617 Γλαύκην
985 3540 1070 3618 πρός
1097 3541 1210 3617 γάμον.
1261 3543 1425 3617 μέλλουσα
1452 3540 1487 3603 δὲ
1513 3539 1532 3616 ἡ
1558 3539 1681 3616 Μ’ήδεια
1702 3537 1943 3620 φυγαδεύεσθαι
1970 3533 2025 3598 ῦπό

335 3643 496 3721 Κρέοντος
519 3641 553 3704 ἐκ
574 3645 632 3719 τῆς
657 3643 827 3723 Κορίνθου,
862 3641 1123 3724 παραιτησαμένη
1145 3642 1229 3721 πρὸς
1253 3642 1325 3721 μίαν
1352 3642 1472 3721 ἡμέραν
1495 3645 1613 3724 μεῖναι,
1646 3641 1697 3704 καὶ
1724 3643 1885 3722 τυχοῦσα,
1921 3637 2027 3716 μισθόν

281 3755 284 3766 ’
333 3747 392 3821 τῆς
420 3743 550 3822 χάριτος
579 3745 669 3821 δῶρα
695 3743 747 3806 διὰ
775 3747 840 3806 τῶν
868 3742 993 3806 παίδων
1021 3744 1136 3822 πέμπει
1162 3748 1200 3824 τῇ
1229 3744 1249 3806 Γ
1251 3745 1350 3826 λαύκῃ
1380 3743 1500 3820 ἐσθῆτα
1528 3743 1577 3806 καί
1599 3747 1744 3821 χρυσοῦν
1767 3741 1954 3822 στέφανον,
1985 3735 2027 3811 οἷς

335 3845 438 3923 ἐκείνη
461 3844 645 3923 χρησαμένη
674 3844 903 3923 διαφθείρεται·
935 3843 1027 3907 καὶὸ
1052 3845 1159 3922 Κρέων
1183 3845 1218 3906 δέ
1240 3845 1445 3922 περιπλακεὶς
1467 3849 1505 3928 τῇ
1529 3843 1659 3923 θυγατρὶ
1681 3842 1866 3907 ἀπόλλυται.
1914 3843 2029 3918 Μήδεια

334 3947 369 4008 δὲ
402 3946 480 4022 τούς
514 3944 630 4021 ἑαυτῆς
663 3947 781 4020 παῖδας
814 3944 1033 4008 ἀποκτείνασα
1066 3944 1118 4023 ἐφ’
1150 3943 1292 4023 ἅρματος
1326 3945 1511 4023 δρακόντων
1544 3951 1735 4025 πτερωτῶν,
1774 3944 1793 4008 ὃ
1822 3943 1900 4022 παρ’
1928 3941 2029 4006 Ἠλίου

334 4047 465 4126 ἔλαβεν,
496 4045 619 4124 ἔποχος
647 4046 804 4125 γενομένη
832 4044 1062 4123 ἀποδιδράσκει
1091 4045 1137 4122 εἰς
1161 4045 1311 4128 Ἀθήνας,
1347 4046 1475 4110 κάκεῖσε
1498 4045 1584 4122 Αίγεῖ
1605 4051 1652 4130 τῷ
1674 4045 1861 4122 Πανδίονος
1885 4047 2030 4125 γαμεῖται

334 4149 517 4226 Φερεκύδης
545 4148 580 4210 δέ
608 4147 659 4211 καὶ
690 4147 867 4226 Σιμωνίδης
896 4148 1000 4226 φασὶν
1029 4145 1075 4223 ὡς
1104 4145 1123 4223 ἡ
1153 4146 1276 4222 Μήδεια
1303 4146 1502 4225 ἀνεψήσασα
1528 4149 1587 4212 τόν
1615 4149 1744 4212 Ἰάσονα
1772 4149 1850 4212 νέον
1879 4147 2030 4223 ποιήσειε.

335 4249 410 4327 περὶ
431 4250 466 4312 δὲ
489 4249 693 4326 τοῦπατρὸς
717 4248 817 4311 αὐτοῦ
839 4245 982 4324 Αἴσονος
1006 4246 1024 4310 δ
1046 4248 1125 4324 τοὺς
1150 4248 1299 4325 Νόστους
1321 4251 1463 4328 ποιήσας
1486 4251 1587 4328 φησίν
1610 4249 1717 4327 οὕτως

740 4348 855 4413 Αύτίκα
877 4350 905 4411 δ’
925 4347 1050 4412 Αίσονα
1072 4353 1146 4426 θῆκε
1169 4351 1268 4429 φίλον
1290 4349 1389 4428 κόρον
1410 4350 1561 4430 ἡβώοντα
1567 4400 1577 4434 ,

739 4454 842 4529 γῆρας
864 4449 1060 4516 άποξύσασα
1082 4450 1199 4534 ἰδυίῃσι
1222 4452 1435 4535 πραπίδεσσι,

741 4553 892 4631 φάρμακα
913 4552 1007 4618 πόλλ’
1030 4551 1149 4630 έψουσ’
1170 4553 1223 4616 ἐπὶ
1244 4555 1424 4631 χρυσείοισι
1448 4555 1586 4634 λέβησιν.

334 4655 496 4733 Αἰσχύλος
524 4654 552 4718 δ’
581 4653 616 4717 ἐν
646 4655 718 4738 ταῖς
740 4653 911 4718 Διονύσου
938 4656 1079 4733 τροφοῖς
1107 4653 1230 4732 ἱστορεῖ
1258 4653 1306 4718 ὅτι
1334 4656 1386 4718 καὶ
1412 4655 1470 4733 τὰς
1494 4655 1665 4719 Διονύσου
1693 4653 1842 4734 τροφοὺς
1872 4653 2035 4734 μετὰτῶν

323 4757 464 4836 ,ἀνδρῶν
492 4757 600 4819 αύτιῖιν
627 4752 824 4832 ἀνεψήσασα
851 4754 1051 4832 ἐνεοποίησε.
1102 4755 1274 4834 Στάφυλος
1301 4757 1336 4819 δέ
1363 4771 1446 4836 φησι
1474 4756 1532 4820 τὸν
1560 4755 1689 4820 Ἰάσονα
1721 4757 1846 4834 τρόπον
1875 4757 1954 4820 τινὰ
1980 4753 2036 4817 ὑπὸ

335 4861 393 4934 τῆς
418 4857 559 4934 Μηδείας
589 4856 808 4934 ἀναιρεθῆναι·
843 4855 1094 4931 έγκελεύσασθαι
1117 4855 1178 4935 γάρ
1201 4856 1300 4936 αὐτὴν
1324 4856 1388 4921 ὑπὸ
1409 4863 1449 4940 τῇ
1472 4857 1598 4942 πρύμνῃ
1620 4859 1679 4934 τῆς
1703 4857 1837 4935 Ἀργοῦς
1862 4858 1970 4922 αὐτὸν
1991 4875 2036 4919 κα-

336 4961 577 5039 τακοιμηθῆναι,
600 4957 784 5036 μελλούσης
806 4963 864 5035 τῆς
887 4959 972 5034 νεὼς
994 4958 1179 5020 διαλύεσθαι
1202 4957 1265 5022 ύπό
1288 4963 1347 5023 τοῦ
1369 4958 1505 5037 χρόνου·
1529 4959 1752 5037 ἐπιπεσούσης
1773 4963 1856 5034 γοῦν
1881 4964 1945 5037 τῆς
1967 4955 2038 5036 πρύ-

339 5080 420 5139 μνης
441 5065 487 5142 τῷ
509 5059 626 5122 Ἰάσονι
648 5062 836 5137 τελευτῆσαι
859 5058 968 5122 αὐτόν.
1084 5143 1086 5148 Ι

421 5160 467 5223 Τό
494 5163 598 5239 δρᾶμα
627 5163 715 5224 δοκεῖ
744 5159 963 5238 ὑποβαλέσθαι
989 5161 1029 5223 τὰ
1052 5161 1246 5240 Νεόφρονος
1268 5161 1502 5244 διασκευάσας,
1533 5159 1581 5238 ὼς
1604 5161 1801 5239 Δικαίαρχός
1828 5180 1866 5224 τε
1891 5162 2040 5240 περὶτοῦ

336 5260 495 5338 Ἑλλάδος
519 5262 587 5341 βίου
610 5263 662 5325 καὶ
684 5243 908 5340 Ἀριστοτέλης
930 5261 965 5325 ἐν
989 5259 1205 5341 ὑπομνήμασι.
1244 5263 1423 5341 μέμφονται
1445 5264 1480 5326 δὲ
1503 5263 1591 5345 αύτῷ
1614 5263 1652 5326 τό
1676 5265 1716 5342 μὴ
1739 5265 1969 5341 πεφυλακέναι
1991 5263 2040 5338 τὴν

337 5361 506 5439 ὑπόκρισιν
532 5367 570 5444 τῇ
600 5363 737 5446 Μηδείᾳ,
771 5363 854 5426 ἀλλά
882 5366 996 5426 πεσεῖν
1024 5362 1070 5440 εἰς
1099 5363 1235 5446 δάκρυα,
1270 5363 1324 5427 ὅτε
1352 5364 1589 5444 ἐπεβούλευσεν
1618 5364 1736 5428 Ἰάσονι
1762 5365 1814 5427 καὶ
1841 5371 1884 5449 τῇ
1916 5361 2041 5441 γυναικί

373 5687 388 5736 d
421 5627 431 5651 ⁸
447 5619 527 5738 ΗιιΙίῖ
534 5617 667 5670 ὑποθέσει
680 5619 709 5668 iu
720 5620 815 5670 codice
829 5619 850 5668 C
865 5619 949 5682 (Flor.
963 5618 1046 5684 32,2,)
1060 5621 1260 5684 praescriptum
1273 5617 1452 5687 Δικαιάρχου,
1467 5619 1693 5684 quemadmodum
1706 5620 1860 5672 Alcestidis
1875 5623 2043 5688 Argumenta·

337 5703 369 5738 eo
391 5703 433 5737 em
445 5703 474 5736 m
499 5705 508 5735 1
529 5703 566 5738 ro.
