<?xml version="1.0" encoding="UTF-8"?>
<!DOCTYPE html PUBLIC "-//W3C//DTD XHTML 1.0 Transitional//EN"
    "http://www.w3.org/TR/xhtml1/DTD/xhtml1-transitional.dtd">
<html xmlns="http://www.w3.org/1999/xhtml" xml:lang="en" lang="en">
 <head>
  <title>
</title>
<meta http-equiv="Content-Type" content="text/html;charset=utf-8" />
  <meta name='ocr-system' content='tesseract 3.04.00' />
  <meta name='ocr-capabilities' content='ocr_page ocr_carea ocr_par ocr_line ocrx_word'/>
</head>
<body>
  <div class='ocr_page' id='page_1' title='image "./poetarumscenico00arisgoog_0070.png"; bbox 0 0 4372 6614; ppageno 0'>
   <div class='ocr_carea' id='block_1_1' title="bbox 620 547 1890 622">
    <p class='ocr_par' dir='ltr' id='par_1_1' title="bbox 620 547 1890 622">
     <span class='ocr_line' id='line_1_1' title="bbox 620 547 1890 622; baseline 0.001 -25"><span class='ocrx_word' id='word_1_1' title='bbox 620 617 623 622; x_wconf 29' lang='grc' dir='ltr'>Ι</span> <span class='ocrx_word' id='word_1_2' title='bbox 647 547 701 598; x_wconf 81' lang='lat' dir='ltr'><strong>DE</strong></span> <span class='ocrx_word' id='word_1_3' title='bbox 726 549 887 601; x_wconf 80' lang='lat' dir='ltr'>METRIS</span> <span class='ocrx_word' id='word_1_4' title='bbox 913 549 1146 601; x_wconf 84' lang='lat' dir='ltr'><strong>POETARUM</strong></span> <span class='ocrx_word' id='word_1_5' title='bbox 1171 549 1456 600; x_wconf 82' lang='lat' dir='ltr'><strong>SCENIOORUM.</strong></span> <span class='ocrx_word' id='word_1_6' title='bbox 1849 547 1890 612; x_wconf 75' lang='grc'><strong>47</strong></span> 
     </span>
    </p>
   </div>
   <div class='ocr_carea' id='block_1_2' title="bbox 193 648 1890 661">
    <p class='ocr_par' dir='ltr' id='par_1_2' title="bbox 193 648 1890 661">
     <span class='ocr_line' id='line_1_2' title="bbox 193 648 1890 661; baseline 0.007 -7"><span class='ocrx_word' id='word_1_7' title='bbox 193 648 268 654; x_wconf 85' lang='lat'><strong>—..</strong></span> <span class='ocrx_word' id='word_1_8' title='bbox 285 649 462 656; x_wconf 70' lang='lat'>—---—-.—</span> <span class='ocrx_word' id='word_1_9' title='bbox 475 651 519 656; x_wconf 76' lang='lat'><strong>...-</strong></span> <span class='ocrx_word' id='word_1_10' title='bbox 560 653 600 657; x_wconf 87' lang='lat'><strong>.—</strong></span> <span class='ocrx_word' id='word_1_11' title='bbox 853 655 894 659; x_wconf 88' lang='lat'><strong>..-</strong></span> <span class='ocrx_word' id='word_1_12' title='bbox 917 655 968 660; x_wconf 79' lang='lat'><strong>--—</strong></span> <span class='ocrx_word' id='word_1_13' title='bbox 987 655 1138 661; x_wconf 47' lang='lat' dir='ltr'><strong>w*—</strong></span> <span class='ocrx_word' id='word_1_14' title='bbox 1726 654 1890 660; x_wconf 72' lang='lat'><strong>—”-·-</strong></span> 
     </span>
    </p>
   </div>
   <div class='ocr_carea' id='block_1_3' title="bbox 193 692 1891 902">
    <p class='ocr_par' dir='ltr' id='par_1_3' title="bbox 193 692 1891 902">
     <span class='ocr_line' id='line_1_3' title="bbox 193 692 1891 764; baseline 0.004 -20"><span class='ocrx_word' id='word_1_15' title='bbox 193 692 262 745; x_wconf 84' lang='grc' dir='ltr'>τάδε</span> <span class='ocrx_word' id='word_1_16' title='bbox 275 693 361 758; x_wconf 82' lang='grc' dir='ltr'>δοκεῖ,</span> <span class='ocrx_word' id='word_1_17' title='bbox 375 695 442 748; x_wconf 91' lang='grc' dir='ltr'>τάδε</span> <span class='ocrx_word' id='word_1_18' title='bbox 455 697 644 763; x_wconf 88' lang='grc' dir='ltr'>μεταθέμενος</span> <span class='ocrx_word' id='word_1_19' title='bbox 652 701 719 753; x_wconf 91' lang='grc' dir='ltr'>νόει.</span> <span class='ocrx_word' id='word_1_20' title='bbox 731 722 765 742; x_wconf 92' lang='grc'><strong>--</strong></span> <span class='ocrx_word' id='word_1_21' title='bbox 774 703 830 753; x_wconf 84' lang='grc'><strong>195.</strong></span> <span class='ocrx_word' id='word_1_22' title='bbox 846 699 930 764; x_wconf 89' lang='grc' dir='ltr'>μέγας</span> <span class='ocrx_word' id='word_1_23' title='bbox 939 699 1030 762; x_wconf 88' lang='grc' dir='ltr'>ἀγών·</span> <span class='ocrx_word' id='word_1_24' title='bbox 1057 716 1119 751; x_wconf 89' lang='lat' dir='ltr'><strong>nem</strong></span> <span class='ocrx_word' id='word_1_25' title='bbox 1133 700 1278 764; x_wconf 81' lang='grc' dir='ltr'>βαρύδικος</span> <span class='ocrx_word' id='word_1_26' title='bbox 1291 701 1375 752; x_wconf 90' lang='grc' dir='ltr'>ποινά</span> <span class='ocrx_word' id='word_1_27' title='bbox 1389 703 1417 751; x_wconf 92' lang='lat' dir='ltr'><strong>ia</strong></span> <span class='ocrx_word' id='word_1_28' title='bbox 1430 699 1483 750; x_wconf 84' lang='lat' dir='ltr'><strong>fine</strong></span> <span class='ocrx_word' id='word_1_29' title='bbox 1497 703 1613 751; x_wconf 77' lang='lat' dir='ltr'><strong>trimetri</strong></span> <span class='ocrx_word' id='word_1_30' title='bbox 1626 702 1780 752; x_wconf 87' lang='lat' dir='ltr'><strong>dochmiaci</strong></span> <span class='ocrx_word' id='word_1_31' title='bbox 1791 701 1891 752; x_wconf 89' lang='lat' dir='ltr'><strong>Aesch.</strong></span> 
     </span>
     <span class='ocr_line' id='line_1_4' title="bbox 195 761 1890 834; baseline 0.004 -22"><span class='ocrx_word' id='word_1_32' title='bbox 195 761 314 823; x_wconf 86' lang='grc' dir='ltr'>μεγάλα.</span> <span class='ocrx_word' id='word_1_33' title='bbox 348 765 405 814; x_wconf 92' lang='lat' dir='ltr'><strong>lon.</strong></span> <span class='ocrx_word' id='word_1_34' title='bbox 420 768 477 815; x_wconf 90' lang='grc'><strong>776.</strong></span> <span class='ocrx_word' id='word_1_35' title='bbox 495 764 614 817; x_wconf 85' lang='grc' dir='ltr'>τόδ’έτιί</span> <span class='ocrx_word' id='word_1_36' title='bbox 631 767 705 832; x_wconf 83' lang='grc' dir='ltr'>τῷδε</span> <span class='ocrx_word' id='word_1_37' title='bbox 724 768 811 820; x_wconf 90' lang='grc' dir='ltr'>κακόν</span> <span class='ocrx_word' id='word_1_38' title='bbox 829 766 917 832; x_wconf 86' lang='grc' dir='ltr'>άκρον</span> <span class='ocrx_word' id='word_1_39' title='bbox 934 768 1033 830; x_wconf 82' lang='grc' dir='ltr'>ἔλακες</span> <span class='ocrx_word' id='word_1_40' title='bbox 1058 768 1180 834; x_wconf 82' lang='grc' dir='ltr'>θίιοορίι.</span> <span class='ocrx_word' id='word_1_41' title='bbox 1203 772 1260 822; x_wconf 84' lang='grc'><strong>936.</strong></span> <span class='ocrx_word' id='word_1_42' title='bbox 1281 789 1316 813; x_wconf 89' lang='lat'>=</span> <span class='ocrx_word' id='word_1_43' title='bbox 1336 772 1394 820; x_wconf 84' lang='grc'><strong>946.</strong></span> <span class='ocrx_word' id='word_1_44' title='bbox 1420 768 1542 834; x_wconf 89' lang='lat' dir='ltr'><strong>proximo</strong></span> <span class='ocrx_word' id='word_1_45' title='bbox 1566 783 1649 821; x_wconf 82' lang='lat' dir='ltr'><strong>versu</strong></span> <span class='ocrx_word' id='word_1_46' title='bbox 1672 769 1830 819; x_wconf 88' lang='lat' dir='ltr'><strong>dochmiaco</strong></span> <span class='ocrx_word' id='word_1_47' title='bbox 1855 770 1890 818; x_wconf 88' lang='lat' dir='ltr'><strong>ab</strong></span> 
     </span>
     <span class='ocr_line' id='line_1_5' title="bbox 196 829 1889 902; baseline 0.004 -22"><span class='ocrx_word' id='word_1_48' title='bbox 196 829 306 892; x_wconf 88' lang='grc' dir='ltr'>έλακες,</span> <span class='ocrx_word' id='word_1_49' title='bbox 333 835 372 882; x_wconf 91' lang='grc'><strong>19.</strong></span> <span class='ocrx_word' id='word_1_50' title='bbox 386 833 450 882; x_wconf 84' lang='lat' dir='ltr'><strong>Eur.</strong></span> <span class='ocrx_word' id='word_1_51' title='bbox 463 833 509 882; x_wconf 88' lang='lat' dir='ltr'><strong>Or.</strong></span> <span class='ocrx_word' id='word_1_52' title='bbox 522 837 596 885; x_wconf 88' lang='grc'><strong>1306.</strong></span> <span class='ocrx_word' id='word_1_53' title='bbox 615 833 691 898; x_wconf 84' lang='grc' dir='ltr'>δόρει</span> <span class='ocrx_word' id='word_1_54' title='bbox 703 835 779 900; x_wconf 83' lang='grc' dir='ltr'>παρὰ</span> <span class='ocrx_word' id='word_1_55' title='bbox 792 835 923 900; x_wconf 87' lang='grc' dir='ltr'>ποταμόν</span> <span class='ocrx_word' id='word_1_56' title='bbox 936 836 1031 901; x_wconf 90' lang='grc' dir='ltr'>όλομέ-</span> <span class='ocrx_word' id='word_1_57' title='bbox 1057 835 1141 900; x_wconf 84' lang='grc' dir='ltr'>ἔμολε</span> <span class='ocrx_word' id='word_1_58' title='bbox 1154 839 1181 886; x_wconf 92' lang='lat' dir='ltr'><strong>in</strong></span> <span class='ocrx_word' id='word_1_59' title='bbox 1199 837 1324 902; x_wconf 92' lang='lat' dir='ltr'><strong>stropha,</strong></span> <span class='ocrx_word' id='word_1_60' title='bbox 1345 838 1379 887; x_wconf 90' lang='lat' dir='ltr'><strong>ab</strong></span> <span class='ocrx_word' id='word_1_61' title='bbox 1397 835 1472 898; x_wconf 83' lang='grc' dir='ltr'>ἔθιγε</span> <span class='ocrx_word' id='word_1_62' title='bbox 1489 838 1517 885; x_wconf 90' lang='lat' dir='ltr'><strong>in</strong></span> <span class='ocrx_word' id='word_1_63' title='bbox 1535 837 1710 902; x_wconf 76' lang='lat' dir='ltr'><strong>antistropha</strong></span> <span class='ocrx_word' id='word_1_64' title='bbox 1727 837 1889 902; x_wconf 80' lang='lat' dir='ltr'><strong>incipiente.</strong></span> 
     </span>
    </p>
   </div>
   <div class='ocr_carea' id='block_1_4' title="bbox 86 897 1890 970">
    <p class='ocr_par' dir='ltr' id='par_1_4' title="bbox 86 897 1890 970">
     <span class='ocr_line' id='line_1_6' title="bbox 86 897 1890 970; baseline 0.004 -23"><span class='ocrx_word' id='word_1_65' title='bbox 86 960 94 966; x_wconf 95' lang='lat'><strong>.</strong></span> <span class='ocrx_word' id='word_1_66' title='bbox 194 911 276 962; x_wconf 90' lang='grc' dir='ltr'>νους,</span> <span class='ocrx_word' id='word_1_67' title='bbox 296 897 393 964; x_wconf 82' lang='grc' dir='ltr'>ὁπόθι,</span> <span class='ocrx_word' id='word_1_68' title='bbox 413 902 437 950; x_wconf 91' lang='lat' dir='ltr'><strong>si</strong></span> <span class='ocrx_word' id='word_1_69' title='bbox 451 901 580 951; x_wconf 85' lang='lat' dir='ltr'><strong>librorum</strong></span> <span class='ocrx_word' id='word_1_70' title='bbox 599 905 764 967; x_wconf 80' lang='lat' dir='ltr'><strong>scripturam</strong></span> <span class='ocrx_word' id='word_1_71' title='bbox 780 903 841 967; x_wconf 90' lang='grc' dir='ltr'>δορί</span> <span class='ocrx_word' id='word_1_72' title='bbox 853 931 887 941; x_wconf 84' lang='grc'>-</span> <span class='ocrx_word' id='word_1_73' title='bbox 899 903 942 955; x_wconf 81' lang='lat' dir='ltr'><strong>ter</strong></span> <span class='ocrx_word' id='word_1_74' title='bbox 956 913 1031 954; x_wconf 87' lang='lat' dir='ltr'><strong>reete</strong></span> <span class='ocrx_word' id='word_1_75' title='bbox 1108 905 1241 954; x_wconf 85' lang='lat' dir='ltr'><strong>Diversus</strong></span> <span class='ocrx_word' id='word_1_76' title='bbox 1254 905 1289 955; x_wconf 92' lang='lat' dir='ltr'><strong>ab</strong></span> <span class='ocrx_word' id='word_1_77' title='bbox 1302 905 1457 956; x_wconf 89' lang='lat' dir='ltr'><strong>huiusmodi</strong></span> <span class='ocrx_word' id='word_1_78' title='bbox 1470 905 1549 955; x_wconf 90' lang='lat' dir='ltr'><strong>hiatu</strong></span> <span class='ocrx_word' id='word_1_79' title='bbox 1565 912 1608 955; x_wconf 85' lang='lat' dir='ltr'><strong>ast</strong></span> <span class='ocrx_word' id='word_1_80' title='bbox 1621 905 1713 954; x_wconf 80' lang='lat' dir='ltr'><strong>hiatus</strong></span> <span class='ocrx_word' id='word_1_81' title='bbox 1730 906 1775 970; x_wconf 90' lang='lat' dir='ltr'><strong>qai</strong></span> <span class='ocrx_word' id='word_1_82' title='bbox 1789 903 1820 954; x_wconf 86' lang='lat' dir='ltr'><strong>tit</strong></span> <span class='ocrx_word' id='word_1_83' title='bbox 1833 919 1890 954; x_wconf 89' lang='lat' dir='ltr'><strong>cor-</strong></span> 
     </span>
    </p>
   </div>
   <div class='ocr_carea' id='block_1_5' title="bbox 144 967 1891 5502">
    <p class='ocr_par' dir='ltr' id='par_1_5' title="bbox 144 967 1891 5502">
     <span class='ocr_line' id='line_1_7' title="bbox 194 967 1890 1037; baseline 0.003 -22"><span class='ocrx_word' id='word_1_84' title='bbox 194 967 237 1015; x_wconf 91' lang='lat' dir='ltr'><strong>sie</strong></span> <span class='ocrx_word' id='word_1_85' title='bbox 254 968 373 1016; x_wconf 85' lang='lat' dir='ltr'><strong>correxit</strong></span> <span class='ocrx_word' id='word_1_86' title='bbox 389 969 572 1019; x_wconf 88' lang='lat' dir='ltr'><strong>Hermannus.</strong></span> <span class='ocrx_word' id='word_1_87' title='bbox 607 971 768 1021; x_wconf 79' lang='lat' dir='ltr'><strong>Formarum</strong></span> <span class='ocrx_word' id='word_1_88' title='bbox 787 974 827 1021; x_wconf 89' lang='grc'><strong>21.</strong></span> <span class='ocrx_word' id='word_1_89' title='bbox 846 975 889 1022; x_wconf 89' lang='grc'><strong>23.</strong></span> <span class='ocrx_word' id='word_1_90' title='bbox 908 972 1032 1037; x_wconf 86' lang='lat' dir='ltr'><strong>exempla</strong></span> <span class='ocrx_word' id='word_1_91' title='bbox 1058 979 1142 1037; x_wconf 83' lang='lat' dir='ltr'><strong>repta</strong></span> <span class='ocrx_word' id='word_1_92' title='bbox 1150 972 1240 1022; x_wconf 86' lang='lat' dir='ltr'><strong>vocali</strong></span> <span class='ocrx_word' id='word_1_93' title='bbox 1252 972 1335 1037; x_wconf 85' lang='lat' dir='ltr'><strong>langa</strong></span> <span class='ocrx_word' id='word_1_94' title='bbox 1348 972 1392 1023; x_wconf 84' lang='lat' dir='ltr'><strong>vel</strong></span> <span class='ocrx_word' id='word_1_95' title='bbox 1406 972 1576 1037; x_wconf 83' lang='lat' dir='ltr'><strong>diphthongo</strong></span> <span class='ocrx_word' id='word_1_96' title='bbox 1590 979 1654 1022; x_wconf 87' lang='lat' dir='ltr'><strong>anta</strong></span> <span class='ocrx_word' id='word_1_97' title='bbox 1667 973 1803 1034; x_wconf 77' lang='lat' dir='ltr'><strong>vocalem,</strong></span> <span class='ocrx_word' id='word_1_98' title='bbox 1817 976 1849 1020; x_wconf 88' lang='lat' dir='ltr'><strong>at</strong></span> <span class='ocrx_word' id='word_1_99' title='bbox 1862 974 1890 1020; x_wconf 91' lang='lat' dir='ltr'><strong>in</strong></span> 
     </span>
     <span class='ocr_line' id='line_1_8' title="bbox 195 1034 1891 1105; baseline 0.004 -23"><span class='ocrx_word' id='word_1_100' title='bbox 195 1049 268 1097; x_wconf 89' lang='lat' dir='ltr'><strong>qaae</strong></span> <span class='ocrx_word' id='word_1_101' title='bbox 282 1041 360 1086; x_wconf 88' lang='lat' dir='ltr'><strong>certa</strong></span> <span class='ocrx_word' id='word_1_102' title='bbox 373 1034 588 1101; x_wconf 84' lang='lat' dir='ltr'><strong>haberipossiat</strong></span> <span class='ocrx_word' id='word_1_103' title='bbox 600 1038 677 1088; x_wconf 87' lang='lat' dir='ltr'><strong>nulla</strong></span> <span class='ocrx_word' id='word_1_104' title='bbox 688 1039 818 1090; x_wconf 91' lang='lat' dir='ltr'><strong>videntur</strong></span> <span class='ocrx_word' id='word_1_105' title='bbox 828 1045 948 1091; x_wconf 87' lang='lat' dir='ltr'><strong>exstare.</strong></span> <span class='ocrx_word' id='word_1_106' title='bbox 968 1041 1031 1090; x_wconf 87' lang='lat' dir='ltr'><strong>Cer·</strong></span> <span class='ocrx_word' id='word_1_107' title='bbox 1059 1040 1184 1090; x_wconf 83' lang='lat' dir='ltr'><strong>versibus</strong></span> <span class='ocrx_word' id='word_1_108' title='bbox 1203 1040 1352 1105; x_wconf 79' lang='lat' dir='ltr'><strong>dactylicis</strong></span> <span class='ocrx_word' id='word_1_109' title='bbox 1370 1045 1398 1089; x_wconf 89' lang='lat' dir='ltr'><strong>et</strong></span> <span class='ocrx_word' id='word_1_110' title='bbox 1416 1041 1618 1104; x_wconf 76' lang='lat' dir='ltr'><strong>anapaesticis,</strong></span> <span class='ocrx_word' id='word_1_111' title='bbox 1640 1041 1684 1089; x_wconf 90' lang='lat' dir='ltr'><strong>cai</strong></span> <span class='ocrx_word' id='word_1_112' title='bbox 1706 1045 1798 1090; x_wconf 89' lang='lat' dir='ltr'><strong>tamen</strong></span> <span class='ocrx_word' id='word_1_113' title='bbox 1815 1038 1891 1090; x_wconf 86' lang='lat' dir='ltr'><strong>loeus</strong></span> 
     </span>
     <span class='ocr_line' id='line_1_9' title="bbox 197 1101 1890 1172; baseline 0.004 -23"><span class='ocrx_word' id='word_1_114' title='bbox 197 1103 252 1150; x_wconf 89' lang='lat' dir='ltr'><strong>tior</strong></span> <span class='ocrx_word' id='word_1_115' title='bbox 268 1117 310 1151; x_wconf 90' lang='lat' dir='ltr'><strong>res</strong></span> <span class='ocrx_word' id='word_1_116' title='bbox 328 1107 372 1151; x_wconf 91' lang='lat' dir='ltr'><strong>est</strong></span> <span class='ocrx_word' id='word_1_117' title='bbox 390 1101 423 1152; x_wconf 90' lang='lat' dir='ltr'><strong>de</strong></span> <span class='ocrx_word' id='word_1_118' title='bbox 441 1105 536 1154; x_wconf 81' lang='lat' dir='ltr'><strong>formis</strong></span> <span class='ocrx_word' id='word_1_119' title='bbox 552 1107 592 1154; x_wconf 88' lang='grc'><strong>22.</strong></span> <span class='ocrx_word' id='word_1_120' title='bbox 609 1108 650 1155; x_wconf 89' lang='grc'><strong>24.</strong></span> <span class='ocrx_word' id='word_1_121' title='bbox 668 1107 723 1156; x_wconf 91' lang='lat' dir='ltr'><strong>etsi</strong></span> <span class='ocrx_word' id='word_1_122' title='bbox 735 1107 831 1157; x_wconf 90' lang='lat' dir='ltr'><strong>harum</strong></span> <span class='ocrx_word' id='word_1_123' title='bbox 845 1122 951 1172; x_wconf 82' lang='lat' dir='ltr'><strong>quoqne</strong></span> <span class='ocrx_word' id='word_1_124' title='bbox 970 1123 1030 1172; x_wconf 91' lang='lat' dir='ltr'><strong>per·</strong></span> <span class='ocrx_word' id='word_1_125' title='bbox 1059 1122 1112 1156; x_wconf 89' lang='lat' dir='ltr'><strong>nan</strong></span> <span class='ocrx_word' id='word_1_126' title='bbox 1130 1112 1172 1156; x_wconf 92' lang='lat' dir='ltr'><strong>est</strong></span> <span class='ocrx_word' id='word_1_127' title='bbox 1185 1109 1240 1158; x_wconf 88' lang='lat' dir='ltr'><strong>nisi</strong></span> <span class='ocrx_word' id='word_1_128' title='bbox 1253 1109 1281 1156; x_wconf 90' lang='lat' dir='ltr'><strong>in</strong></span> <span class='ocrx_word' id='word_1_129' title='bbox 1295 1109 1351 1158; x_wconf 91' lang='lat' dir='ltr'><strong>arsi</strong></span> <span class='ocrx_word' id='word_1_130' title='bbox 1364 1107 1522 1157; x_wconf 87' lang='lat' dir='ltr'><strong>dochmiaea</strong></span> <span class='ocrx_word' id='word_1_131' title='bbox 1534 1108 1638 1170; x_wconf 90' lang='lat' dir='ltr'><strong>soluta,</strong></span> <span class='ocrx_word' id='word_1_132' title='bbox 1656 1113 1688 1156; x_wconf 89' lang='lat' dir='ltr'><strong>at</strong></span> <span class='ocrx_word' id='word_1_133' title='bbox 1700 1105 1734 1157; x_wconf 90' lang='grc' dir='ltr'>ίιίι</span> <span class='ocrx_word' id='word_1_134' title='bbox 1749 1104 1783 1157; x_wconf 86' lang='grc' dir='ltr'><strong>ἰὼ</strong></span> <span class='ocrx_word' id='word_1_135' title='bbox 1802 1105 1890 1168; x_wconf 84' lang='grc' dir='ltr'>πόποι</span> 
     </span>
     <span class='ocr_line' id='line_1_10' title="bbox 196 1173 1888 1240; baseline 0.004 -23"><span class='ocrx_word' id='word_1_136' title='bbox 196 1184 287 1232; x_wconf 84' lang='lat' dir='ltr'><strong>pauca</strong></span> <span class='ocrx_word' id='word_1_137' title='bbox 299 1173 473 1234; x_wconf 88' lang='lat' dir='ltr'><strong>reperiuntur</strong></span> <span class='ocrx_word' id='word_1_138' title='bbox 485 1173 621 1237; x_wconf 88' lang='lat' dir='ltr'><strong>exempla,</strong></span> <span class='ocrx_word' id='word_1_139' title='bbox 630 1173 811 1238; x_wconf 85' lang='lat' dir='ltr'><strong>velutprioris</strong></span> <span class='ocrx_word' id='word_1_140' title='bbox 821 1175 1031 1240; x_wconf 85' lang='lat' dir='ltr'><strong>ap.Soph.Oed.</strong></span> <span class='ocrx_word' id='word_1_141' title='bbox 1059 1176 1087 1224; x_wconf 90' lang='lat' dir='ltr'><strong>in</strong></span> <span class='ocrx_word' id='word_1_142' title='bbox 1107 1190 1188 1225; x_wconf 88' lang='lat' dir='ltr'><strong>versa</strong></span> <span class='ocrx_word' id='word_1_143' title='bbox 1205 1175 1336 1238; x_wconf 81' lang='lat' dir='ltr'><strong>Aeschyli</strong></span> <span class='ocrx_word' id='word_1_144' title='bbox 1354 1175 1432 1225; x_wconf 92' lang='lat' dir='ltr'><strong>modo</strong></span> <span class='ocrx_word' id='word_1_145' title='bbox 1445 1175 1534 1225; x_wconf 89' lang='lat' dir='ltr'><strong>allato</strong></span> <span class='ocrx_word' id='word_1_146' title='bbox 1547 1177 1592 1226; x_wconf 89' lang='lat' dir='ltr'><strong>Pr.</strong></span> <span class='ocrx_word' id='word_1_147' title='bbox 1611 1177 1668 1225; x_wconf 81' lang='grc'><strong>578.</strong></span> <span class='ocrx_word' id='word_1_148' title='bbox 1686 1175 1737 1240; x_wconf 84' lang='grc' dir='ltr'><strong>βοᾷ</strong></span> <span class='ocrx_word' id='word_1_149' title='bbox 1754 1173 1825 1239; x_wconf 89' lang='grc' dir='ltr'>ύπέρ</span> <span class='ocrx_word' id='word_1_150' title='bbox 1841 1173 1888 1223; x_wconf 84' lang='grc' dir='ltr'>τά·</span> 
     </span>
     <span class='ocr_line' id='line_1_11' title="bbox 195 1234 1889 1307; baseline 0.005 -23"><span class='ocrx_word' id='word_1_151' title='bbox 195 1237 227 1284; x_wconf 85' lang='lat' dir='ltr'><strong>lt.</strong></span> <span class='ocrx_word' id='word_1_152' title='bbox 248 1239 320 1286; x_wconf 86' lang='grc'><strong>1344.</strong></span> <span class='ocrx_word' id='word_1_153' title='bbox 338 1234 391 1288; x_wconf 88' lang='grc' dir='ltr'>τόν</span> <span class='ocrx_word' id='word_1_154' title='bbox 409 1237 649 1302; x_wconf 88' lang='grc' dir='ltr'>καταρατότατον.</span> <span class='ocrx_word' id='word_1_155' title='bbox 666 1261 701 1284; x_wconf 96' lang='lat'>=</span> <span class='ocrx_word' id='word_1_156' title='bbox 718 1245 791 1293; x_wconf 85' lang='grc'><strong>1364.</strong></span> <span class='ocrx_word' id='word_1_157' title='bbox 812 1239 837 1293; x_wconf 88' lang='grc' dir='ltr'><strong>εί</strong></span> <span class='ocrx_word' id='word_1_158' title='bbox 853 1241 883 1292; x_wconf 92' lang='grc' dir='ltr'><strong>δέ</strong></span> <span class='ocrx_word' id='word_1_159' title='bbox 901 1257 927 1292; x_wconf 89' lang='grc' dir='ltr'><strong>τι</strong></span> <span class='ocrx_word' id='word_1_160' title='bbox 946 1255 1030 1305; x_wconf 89' lang='grc' dir='ltr'>πρεσ-</span> <span class='ocrx_word' id='word_1_161' title='bbox 1057 1255 1140 1306; x_wconf 92' lang='grc' dir='ltr'>φρων</span> <span class='ocrx_word' id='word_1_162' title='bbox 1154 1243 1228 1307; x_wconf 88' lang='lat' dir='ltr'><strong>Sept.</strong></span> <span class='ocrx_word' id='word_1_163' title='bbox 1241 1244 1282 1292; x_wconf 88' lang='grc'><strong>90.</strong></span> <span class='ocrx_word' id='word_1_164' title='bbox 1301 1241 1371 1306; x_wconf 85' lang='grc' dir='ltr'>ὤμοι</span> <span class='ocrx_word' id='word_1_165' title='bbox 1389 1241 1465 1305; x_wconf 84' lang='grc' dir='ltr'>ἐμῶν</span> <span class='ocrx_word' id='word_1_166' title='bbox 1478 1241 1593 1294; x_wconf 87' lang='grc' dir='ltr'>νόστων</span> <span class='ocrx_word' id='word_1_167' title='bbox 1611 1243 1694 1307; x_wconf 88' lang='lat' dir='ltr'><strong>Soph.</strong></span> <span class='ocrx_word' id='word_1_168' title='bbox 1707 1243 1820 1292; x_wconf 72' lang='grc'><strong>41960.</strong></span> <span class='ocrx_word' id='word_1_169' title='bbox 1837 1239 1889 1292; x_wconf 89' lang='grc' dir='ltr'><strong>πό-</strong></span> 
     </span>
     <span class='ocr_line' id='line_1_12' title="bbox 196 1302 1889 1374; baseline 0.003 -21"><span class='ocrx_word' id='word_1_170' title='bbox 196 1302 324 1368; x_wconf 88' lang='grc' dir='ltr'>βύτερσν.</span> <span class='ocrx_word' id='word_1_171' title='bbox 355 1307 419 1356; x_wconf 88' lang='lat' dir='ltr'><strong>Ear.</strong></span> <span class='ocrx_word' id='word_1_172' title='bbox 434 1308 518 1372; x_wconf 87' lang='lat' dir='ltr'><strong>Hipp.</strong></span> <span class='ocrx_word' id='word_1_173' title='bbox 536 1311 594 1358; x_wconf 89' lang='grc'><strong>369.</strong></span> <span class='ocrx_word' id='word_1_174' title='bbox 613 1306 656 1368; x_wconf 90' lang='grc' dir='ltr'><strong>τίς</strong></span> <span class='ocrx_word' id='word_1_175' title='bbox 673 1321 706 1360; x_wconf 90' lang='grc' dir='ltr'><strong>σε</strong></span> <span class='ocrx_word' id='word_1_176' title='bbox 720 1309 889 1373; x_wconf 87' lang='grc' dir='ltr'>παναμέριος</span> <span class='ocrx_word' id='word_1_177' title='bbox 906 1309 953 1360; x_wconf 88' lang='grc' dir='ltr'><strong>άδε</strong></span> <span class='ocrx_word' id='word_1_178' title='bbox 966 1310 1031 1374; x_wconf 88' lang='grc' dir='ltr'>χρό-</span> <span class='ocrx_word' id='word_1_179' title='bbox 1058 1323 1099 1373; x_wconf 94' lang='grc' dir='ltr'><strong>ροι</strong></span> <span class='ocrx_word' id='word_1_180' title='bbox 1112 1307 1253 1373; x_wconf 87' lang='grc' dir='ltr'>άλίρροθοι</span> <span class='ocrx_word' id='word_1_181' title='bbox 1263 1313 1321 1360; x_wconf 83' lang='grc'><strong>412.</strong></span> <span class='ocrx_word' id='word_1_182' title='bbox 1334 1313 1371 1373; x_wconf 87' lang='grc' dir='ltr'><strong>γο</strong></span> <span class='ocrx_word' id='word_1_183' title='bbox 1381 1323 1414 1361; x_wconf 88' lang='grc' dir='ltr'><strong>τε</strong></span> <span class='ocrx_word' id='word_1_184' title='bbox 1427 1309 1471 1360; x_wconf 87' lang='grc' dir='ltr'><strong>καί</strong></span> <span class='ocrx_word' id='word_1_185' title='bbox 1484 1308 1567 1362; x_wconf 89' lang='grc' dir='ltr'>οὐδέν</span> <span class='ocrx_word' id='word_1_186' title='bbox 1580 1309 1621 1359; x_wconf 85' lang='grc' dir='ltr'>ιύν</span> <span class='ocrx_word' id='word_1_187' title='bbox 1631 1310 1673 1358; x_wconf 80' lang='lat' dir='ltr'><strong>El.</strong></span> <span class='ocrx_word' id='word_1_188' title='bbox 1685 1312 1743 1359; x_wconf 81' lang='grc'><strong>245.</strong></span> <span class='ocrx_word' id='word_1_189' title='bbox 1756 1307 1817 1360; x_wconf 86' lang='grc' dir='ltr'>ὁλεῑ</span> <span class='ocrx_word' id='word_1_190' title='bbox 1829 1306 1889 1359; x_wconf 78' lang='grc' dir='ltr'>όλει</span> 
     </span>
     <span class='ocr_line' id='line_1_13' title="bbox 197 1371 1888 1443; baseline 0.002 -23"><span class='ocrx_word' id='word_1_191' title='bbox 197 1385 247 1431; x_wconf 90' lang='grc' dir='ltr'><strong>νος</strong></span> <span class='ocrx_word' id='word_1_192' title='bbox 269 1371 358 1436; x_wconf 89' lang='grc' dir='ltr'>μένει,</span> <span class='ocrx_word' id='word_1_193' title='bbox 378 1375 516 1438; x_wconf 89' lang='lat' dir='ltr'><strong>scriptura</strong></span> <span class='ocrx_word' id='word_1_194' title='bbox 537 1382 681 1441; x_wconf 88' lang='lat' dir='ltr'><strong>suspecta,</strong></span> <span class='ocrx_word' id='word_1_195' title='bbox 704 1393 786 1441; x_wconf 90' lang='lat' dir='ltr'><strong>qaum</strong></span> <span class='ocrx_word' id='word_1_196' title='bbox 806 1379 835 1427; x_wconf 92' lang='lat' dir='ltr'><strong>in</strong></span> <span class='ocrx_word' id='word_1_197' title='bbox 857 1379 1031 1443; x_wconf 89' lang='lat' dir='ltr'><strong>antistropha</strong></span> <span class='ocrx_word' id='word_1_198' title='bbox 1057 1390 1090 1440; x_wconf 93' lang='grc' dir='ltr'><strong>με</strong></span> <span class='ocrx_word' id='word_1_199' title='bbox 1102 1376 1164 1441; x_wconf 83' lang='grc' dir='ltr'>τᾷδ’</span> <span class='ocrx_word' id='word_1_200' title='bbox 1177 1379 1241 1426; x_wconf 81' lang='lat' dir='ltr'><strong>Eur.</strong></span> <span class='ocrx_word' id='word_1_201' title='bbox 1253 1378 1337 1427; x_wconf 84' lang='lat' dir='ltr'><strong>Andr.</strong></span> <span class='ocrx_word' id='word_1_202' title='bbox 1350 1380 1408 1432; x_wconf 83' lang='grc'><strong>856,</strong></span> <span class='ocrx_word' id='word_1_203' title='bbox 1428 1385 1456 1428; x_wconf 93' lang='lat' dir='ltr'><strong>et</strong></span> <span class='ocrx_word' id='word_1_204' title='bbox 1468 1378 1536 1428; x_wconf 90' lang='lat' dir='ltr'><strong>alibi</strong></span> <span class='ocrx_word' id='word_1_205' title='bbox 1552 1393 1651 1443; x_wconf 87' lang='lat' dir='ltr'><strong>saepe,</strong></span> <span class='ocrx_word' id='word_1_206' title='bbox 1670 1376 1829 1442; x_wconf 88' lang='lat' dir='ltr'><strong>plerumque</strong></span> <span class='ocrx_word' id='word_1_207' title='bbox 1847 1383 1888 1424; x_wconf 91' lang='lat' dir='ltr'><strong>ta-</strong></span> 
     </span>
     <span class='ocr_line' id='line_1_14' title="bbox 193 1439 1888 1510; baseline 0.004 -23"><span class='ocrx_word' id='word_1_208' title='bbox 193 1441 254 1488; x_wconf 83' lang='grc'><strong>676.</strong></span> <span class='ocrx_word' id='word_1_209' title='bbox 266 1440 376 1504; x_wconf 80' lang='lat' dir='ltr'><strong>legatur</strong></span> <span class='ocrx_word' id='word_1_210' title='bbox 388 1439 526 1506; x_wconf 89' lang='grc' dir='ltr'>πάρεδρος</span> <span class='ocrx_word' id='word_1_211' title='bbox 539 1442 556 1505; x_wconf 85' lang='grc' dir='ltr'>ἢ</span> <span class='ocrx_word' id='word_1_212' title='bbox 570 1443 702 1508; x_wconf 78' lang='grc' dir='ltr'>ξυνεργός</span> <span class='ocrx_word' id='word_1_213' title='bbox 714 1443 819 1497; x_wconf 73' lang='grc' dir='ltr'>ἀδίκων</span> <span class='ocrx_word' id='word_1_214' title='bbox 831 1444 935 1509; x_wconf 76' lang='grc' dir='ltr'>έργωνε</span> <span class='ocrx_word' id='word_1_215' title='bbox 956 1446 1028 1496; x_wconf 87' lang='lat' dir='ltr'><strong>unde</strong></span> <span class='ocrx_word' id='word_1_216' title='bbox 1057 1460 1118 1494; x_wconf 90' lang='lat' dir='ltr'><strong>men</strong></span> <span class='ocrx_word' id='word_1_217' title='bbox 1135 1446 1163 1494; x_wconf 89' lang='lat' dir='ltr'><strong>in</strong></span> <span class='ocrx_word' id='word_1_218' title='bbox 1181 1446 1237 1494; x_wconf 89' lang='lat' dir='ltr'><strong>arsi</strong></span> <span class='ocrx_word' id='word_1_219' title='bbox 1254 1449 1356 1510; x_wconf 89' lang='lat' dir='ltr'><strong>prima,</strong></span> <span class='ocrx_word' id='word_1_220' title='bbox 1375 1461 1435 1495; x_wconf 87' lang='lat' dir='ltr'><strong>raro</strong></span> <span class='ocrx_word' id='word_1_221' title='bbox 1453 1447 1481 1494; x_wconf 89' lang='lat' dir='ltr'><strong>in</strong></span> <span class='ocrx_word' id='word_1_222' title='bbox 1498 1446 1602 1508; x_wconf 87' lang='lat' dir='ltr'><strong>altera,</strong></span> <span class='ocrx_word' id='word_1_223' title='bbox 1620 1450 1650 1494; x_wconf 92' lang='lat' dir='ltr'><strong>ut</strong></span> <span class='ocrx_word' id='word_1_224' title='bbox 1668 1461 1711 1508; x_wconf 90' lang='lat' dir='ltr'><strong>ap.</strong></span> <span class='ocrx_word' id='word_1_225' title='bbox 1725 1443 1888 1509; x_wconf 80' lang='lat' dir='ltr'><strong>Sophoclem</strong></span> 
     </span>
     <span class='ocr_line' id='line_1_15' title="bbox 195 1507 1887 1577; baseline 0.005 -23"><span class='ocrx_word' id='word_1_226' title='bbox 195 1507 224 1554; x_wconf 91' lang='lat' dir='ltr'><strong>in</strong></span> <span class='ocrx_word' id='word_1_227' title='bbox 237 1509 352 1572; x_wconf 86' lang='lat' dir='ltr'><strong>stropha</strong></span> <span class='ocrx_word' id='word_1_228' title='bbox 364 1507 412 1559; x_wconf 88' lang='grc' dir='ltr'><strong>όδε</strong></span> <span class='ocrx_word' id='word_1_229' title='bbox 424 1508 585 1574; x_wconf 88' lang='grc' dir='ltr'>πανάμερος</span> <span class='ocrx_word' id='word_1_230' title='bbox 596 1509 639 1572; x_wconf 93' lang='grc' dir='ltr'><strong>τίς</strong></span> <span class='ocrx_word' id='word_1_231' title='bbox 651 1524 684 1562; x_wconf 92' lang='grc' dir='ltr'><strong>σε</strong></span> <span class='ocrx_word' id='word_1_232' title='bbox 694 1512 795 1577; x_wconf 85' lang='grc' dir='ltr'>χρόνος</span> <span class='ocrx_word' id='word_1_233' title='bbox 806 1511 897 1576; x_wconf 87' lang='grc' dir='ltr'>μίμνει</span> <span class='ocrx_word' id='word_1_234' title='bbox 911 1515 1031 1563; x_wconf 88' lang='lat' dir='ltr'><strong>coniecit</strong></span> <span class='ocrx_word' id='word_1_235' title='bbox 1056 1512 1122 1562; x_wconf 90' lang='lat' dir='ltr'><strong>Oed.</strong></span> <span class='ocrx_word' id='word_1_236' title='bbox 1136 1515 1167 1563; x_wconf 84' lang='lat' dir='ltr'><strong>R.</strong></span> <span class='ocrx_word' id='word_1_237' title='bbox 1180 1513 1238 1562; x_wconf 88' lang='grc'><strong>661.</strong></span> <span class='ocrx_word' id='word_1_238' title='bbox 1255 1511 1365 1565; x_wconf 88' lang='grc' dir='ltr'>Ἅλιον·</span> <span class='ocrx_word' id='word_1_239' title='bbox 1385 1511 1446 1564; x_wconf 88' lang='grc' dir='ltr'>έπεί</span> <span class='ocrx_word' id='word_1_240' title='bbox 1462 1510 1551 1573; x_wconf 87' lang='grc' dir='ltr'>άθεος.</span> <span class='ocrx_word' id='word_1_241' title='bbox 1563 1531 1597 1556; x_wconf 91' lang='lat'>=</span> <span class='ocrx_word' id='word_1_242' title='bbox 1609 1515 1666 1563; x_wconf 88' lang='grc'><strong>690.</strong></span> <span class='ocrx_word' id='word_1_243' title='bbox 1678 1509 1735 1563; x_wconf 87' lang='grc' dir='ltr'>ἴσθι</span> <span class='ocrx_word' id='word_1_244' title='bbox 1752 1511 1783 1563; x_wconf 89' lang='grc' dir='ltr'><strong>δέ</strong></span> <span class='ocrx_word' id='word_1_245' title='bbox 1799 1525 1887 1576; x_wconf 90' lang='grc' dir='ltr'>παρα-</span> 
     </span>
     <span class='ocr_line' id='line_1_16' title="bbox 197 1575 1202 1646; baseline 0.006 -22"><span class='ocrx_word' id='word_1_246' title='bbox 197 1575 328 1637; x_wconf 87' lang='lat' dir='ltr'><strong>Weilias;</strong></span> <span class='ocrx_word' id='word_1_247' title='bbox 352 1576 468 1626; x_wconf 88' lang='lat' dir='ltr'><strong>alterins</strong></span> <span class='ocrx_word' id='word_1_248' title='bbox 490 1595 534 1643; x_wconf 90' lang='lat' dir='ltr'><strong>ap.</strong></span> <span class='ocrx_word' id='word_1_249' title='bbox 553 1578 635 1644; x_wconf 90' lang='lat' dir='ltr'><strong>Soph.</strong></span> <span class='ocrx_word' id='word_1_250' title='bbox 652 1581 696 1630; x_wconf 85' lang='lat' dir='ltr'><strong>El.</strong></span> <span class='ocrx_word' id='word_1_251' title='bbox 716 1583 789 1635; x_wconf 87' lang='grc'><strong>1266,</strong></span> <span class='ocrx_word' id='word_1_252' title='bbox 811 1582 861 1642; x_wconf 83' lang='grc' dir='ltr'><strong>τᾶς</strong></span> <span class='ocrx_word' id='word_1_253' title='bbox 883 1579 972 1646; x_wconf 91' lang='grc' dir='ltr'>πάρος</span> <span class='ocrx_word' id='word_1_254' title='bbox 989 1579 1030 1632; x_wconf 88' lang='grc' dir='ltr'><strong>έτι</strong></span> <span class='ocrx_word' id='word_1_255' title='bbox 1056 1579 1202 1644; x_wconf 90' lang='grc' dir='ltr'>φρόνιμον.</span> 
     </span>
     <span class='ocr_line' id='line_1_17' title="bbox 195 1639 1888 1713; baseline 0.003 -22"><span class='ocrx_word' id='word_1_256' title='bbox 195 1639 316 1705; x_wconf 89' lang='grc' dir='ltr'>χάριτος.</span> <span class='ocrx_word' id='word_1_257' title='bbox 327 1665 362 1684; x_wconf 92' lang='lat'>=</span> <span class='ocrx_word' id='word_1_258' title='bbox 375 1646 448 1695; x_wconf 87' lang='grc'><strong>1246.</strong></span> <span class='ocrx_word' id='word_1_259' title='bbox 461 1643 601 1709; x_wconf 77' lang='grc' dir='ltr'>ἀνέφελον</span> <span class='ocrx_word' id='word_1_260' title='bbox 613 1645 755 1710; x_wconf 91' lang='grc' dir='ltr'>έπέβαλες.</span> <span class='ocrx_word' id='word_1_261' title='bbox 1101 1649 1142 1698; x_wconf 88' lang='lat' dir='ltr'><strong>Ad</strong></span> <span class='ocrx_word' id='word_1_262' title='bbox 1152 1648 1316 1698; x_wconf 85' lang='lat' dir='ltr'><strong>divisionem</strong></span> <span class='ocrx_word' id='word_1_263' title='bbox 1327 1663 1454 1698; x_wconf 89' lang='lat' dir='ltr'><strong>versuum</strong></span> <span class='ocrx_word' id='word_1_264' title='bbox 1466 1650 1494 1698; x_wconf 93' lang='lat' dir='ltr'><strong>in</strong></span> <span class='ocrx_word' id='word_1_265' title='bbox 1505 1648 1625 1713; x_wconf 88' lang='lat' dir='ltr'><strong>strophis</strong></span> <span class='ocrx_word' id='word_1_266' title='bbox 1636 1648 1806 1698; x_wconf 87' lang='lat' dir='ltr'><strong>dochmiacis</strong></span> <span class='ocrx_word' id='word_1_267' title='bbox 1816 1648 1888 1712; x_wconf 90' lang='lat' dir='ltr'><strong>qnod</strong></span> 
     </span>
     <span class='ocr_line' id='line_1_18' title="bbox 249 1711 1887 1782; baseline 0.003 -23"><span class='ocrx_word' id='word_1_268' title='bbox 249 1711 352 1773; x_wconf 84' lang='lat' dir='ltr'><strong>Quinta</strong></span> <span class='ocrx_word' id='word_1_269' title='bbox 371 1712 488 1778; x_wconf 88' lang='lat' dir='ltr'><strong>denique</strong></span> <span class='ocrx_word' id='word_1_270' title='bbox 506 1714 603 1764; x_wconf 86' lang='lat' dir='ltr'><strong>classis</strong></span> <span class='ocrx_word' id='word_1_271' title='bbox 620 1716 722 1767; x_wconf 82' lang='lat' dir='ltr'><strong>formas</strong></span> <span class='ocrx_word' id='word_1_272' title='bbox 740 1717 945 1782; x_wconf 89' lang='lat' dir='ltr'><strong>comprehendit</strong></span> <span class='ocrx_word' id='word_1_273' title='bbox 958 1718 1029 1768; x_wconf 84' lang='grc'><strong>26-</strong></span> <span class='ocrx_word' id='word_1_274' title='bbox 1056 1716 1168 1780; x_wconf 81' lang='lat' dir='ltr'><strong>attinet,</strong></span> <span class='ocrx_word' id='word_1_275' title='bbox 1181 1717 1359 1766; x_wconf 85' lang='lat' dir='ltr'><strong>manifestnm</strong></span> <span class='ocrx_word' id='word_1_276' title='bbox 1370 1721 1412 1768; x_wconf 90' lang='lat' dir='ltr'><strong>est</strong></span> <span class='ocrx_word' id='word_1_277' title='bbox 1426 1732 1473 1766; x_wconf 86' lang='lat' dir='ltr'><strong>eas</strong></span> <span class='ocrx_word' id='word_1_278' title='bbox 1483 1733 1500 1766; x_wconf 92' lang='lat' dir='ltr'><strong>a</strong></span> <span class='ocrx_word' id='word_1_279' title='bbox 1510 1717 1598 1782; x_wconf 90' lang='lat' dir='ltr'><strong>poetis</strong></span> <span class='ocrx_word' id='word_1_280' title='bbox 1611 1731 1665 1766; x_wconf 88' lang='lat' dir='ltr'><strong>non</strong></span> <span class='ocrx_word' id='word_1_281' title='bbox 1675 1732 1751 1778; x_wconf 91' lang='lat' dir='ltr'><strong>casu,</strong></span> <span class='ocrx_word' id='word_1_282' title='bbox 1766 1714 1815 1766; x_wconf 89' lang='lat' dir='ltr'><strong>sed</strong></span> <span class='ocrx_word' id='word_1_283' title='bbox 1825 1731 1887 1765; x_wconf 90' lang='lat' dir='ltr'><strong>con-</strong></span> 
     </span>
     <span class='ocr_line' id='line_1_19' title="bbox 196 1779 1888 1850; baseline 0.005 -24"><span class='ocrx_word' id='word_1_284' title='bbox 196 1779 240 1827; x_wconf 92' lang='grc'><strong>32.</strong></span> <span class='ocrx_word' id='word_1_285' title='bbox 263 1780 292 1827; x_wconf 93' lang='lat' dir='ltr'><strong>in</strong></span> <span class='ocrx_word' id='word_1_286' title='bbox 316 1780 415 1844; x_wconf 88' lang='lat' dir='ltr'><strong>quibus</strong></span> <span class='ocrx_word' id='word_1_287' title='bbox 436 1780 573 1846; x_wconf 83' lang='lat' dir='ltr'><strong>syllabam</strong></span> <span class='ocrx_word' id='word_1_288' title='bbox 596 1783 721 1833; x_wconf 89' lang='lat' dir='ltr'><strong>ultimam</strong></span> <span class='ocrx_word' id='word_1_289' title='bbox 744 1785 862 1836; x_wconf 89' lang='lat' dir='ltr'><strong>solutam</strong></span> <span class='ocrx_word' id='word_1_290' title='bbox 886 1787 1030 1834; x_wconf 87' lang='lat' dir='ltr'><strong>aaaerusis</strong></span> <span class='ocrx_word' id='word_1_291' title='bbox 1057 1783 1119 1834; x_wconf 90' lang='lat' dir='ltr'><strong>silio</strong></span> <span class='ocrx_word' id='word_1_292' title='bbox 1136 1785 1176 1835; x_wconf 87' lang='lat' dir='ltr'><strong>ita</strong></span> <span class='ocrx_word' id='word_1_293' title='bbox 1193 1787 1434 1850; x_wconf 88' lang='lat' dir='ltr'><strong>essecompositas</strong></span> <span class='ocrx_word' id='word_1_294' title='bbox 1451 1790 1481 1833; x_wconf 90' lang='lat' dir='ltr'><strong>at</strong></span> <span class='ocrx_word' id='word_1_295' title='bbox 1498 1784 1670 1834; x_wconf 89' lang='lat' dir='ltr'><strong>indimetros</strong></span> <span class='ocrx_word' id='word_1_296' title='bbox 1687 1783 1732 1834; x_wconf 81' lang='lat' dir='ltr'><strong>vel</strong></span> <span class='ocrx_word' id='word_1_297' title='bbox 1749 1784 1888 1834; x_wconf 85' lang='lat' dir='ltr'><strong>trimetros</strong></span> 
     </span>
     <span class='ocr_line' id='line_1_20' title="bbox 194 1844 1886 1917; baseline 0.003 -23"><span class='ocrx_word' id='word_1_298' title='bbox 194 1844 279 1910; x_wconf 85' lang='lat' dir='ltr'><strong>longa</strong></span> <span class='ocrx_word' id='word_1_299' title='bbox 303 1847 460 1912; x_wconf 89' lang='lat' dir='ltr'><strong>praecedit,</strong></span> <span class='ocrx_word' id='word_1_300' title='bbox 486 1864 552 1902; x_wconf 86' lang='lat' dir='ltr'><strong>sone</strong></span> <span class='ocrx_word' id='word_1_301' title='bbox 577 1856 635 1900; x_wconf 90' lang='lat' dir='ltr'><strong>tum</strong></span> <span class='ocrx_word' id='word_1_302' title='bbox 659 1852 770 1917; x_wconf 84' lang='lat' dir='ltr'><strong>ingrato</strong></span> <span class='ocrx_word' id='word_1_303' title='bbox 793 1859 825 1902; x_wconf 92' lang='lat' dir='ltr'><strong>ut</strong></span> <span class='ocrx_word' id='word_1_304' title='bbox 846 1853 898 1902; x_wconf 90' lang='lat' dir='ltr'><strong>has</strong></span> <span class='ocrx_word' id='word_1_305' title='bbox 916 1853 1027 1916; x_wconf 79' lang='lat' dir='ltr'><strong>formas,</strong></span> <span class='ocrx_word' id='word_1_306' title='bbox 1057 1852 1102 1913; x_wconf 87' lang='lat' dir='ltr'><strong>(ab</strong></span> <span class='ocrx_word' id='word_1_307' title='bbox 1116 1852 1238 1902; x_wconf 89' lang='lat' dir='ltr'><strong>librariis</strong></span> <span class='ocrx_word' id='word_1_308' title='bbox 1255 1852 1314 1901; x_wconf 83' lang='lat' dir='ltr'><strong>fere</strong></span> <span class='ocrx_word' id='word_1_309' title='bbox 1332 1853 1434 1916; x_wconf 90' lang='lat' dir='ltr'><strong>abique</strong></span> <span class='ocrx_word' id='word_1_310' title='bbox 1447 1853 1477 1901; x_wconf 91' lang='lat' dir='ltr'><strong>in</strong></span> <span class='ocrx_word' id='word_1_311' title='bbox 1491 1851 1633 1901; x_wconf 89' lang='lat' dir='ltr'><strong>dimetrum</strong></span> <span class='ocrx_word' id='word_1_312' title='bbox 1652 1857 1679 1900; x_wconf 91' lang='lat' dir='ltr'><strong>et</strong></span> <span class='ocrx_word' id='word_1_313' title='bbox 1691 1856 1886 1900; x_wconf 89' lang='lat' dir='ltr'><strong>monometrum</strong></span> 
     </span>
     <span class='ocr_line' id='line_1_21' title="bbox 196 1913 1887 1988; baseline 0.002 -26"><span class='ocrx_word' id='word_1_314' title='bbox 196 1919 331 1976; x_wconf 89' lang='lat' dir='ltr'><strong>quantam</strong></span> <span class='ocrx_word' id='word_1_315' title='bbox 346 1913 405 1964; x_wconf 87' lang='lat' dir='ltr'><strong>fleri</strong></span> <span class='ocrx_word' id='word_1_316' title='bbox 418 1920 541 1981; x_wconf 89' lang='lat' dir='ltr'><strong>poterat,</strong></span> <span class='ocrx_word' id='word_1_317' title='bbox 559 1920 711 1970; x_wconf 82' lang='lat' dir='ltr'><strong>vitaverint</strong></span> <span class='ocrx_word' id='word_1_318' title='bbox 725 1925 833 1985; x_wconf 86' lang='lat' dir='ltr'><strong>poetae.</strong></span> <span class='ocrx_word' id='word_1_319' title='bbox 868 1921 1029 1988; x_wconf 72' lang='lat' dir='ltr'><strong>Formarum</strong></span> <span class='ocrx_word' id='word_1_320' title='bbox 1057 1918 1220 1986; x_wconf 88' lang='lat' dir='ltr'><strong>discerptos)</strong></span> <span class='ocrx_word' id='word_1_321' title='bbox 1237 1919 1324 1969; x_wconf 84' lang='lat' dir='ltr'><strong>dividi</strong></span> <span class='ocrx_word' id='word_1_322' title='bbox 1340 1924 1468 1985; x_wconf 89' lang='lat' dir='ltr'><strong>possent,</strong></span> <span class='ocrx_word' id='word_1_323' title='bbox 1490 1920 1637 1968; x_wconf 87' lang='lat' dir='ltr'><strong>terminato</strong></span> <span class='ocrx_word' id='word_1_324' title='bbox 1660 1925 1721 1983; x_wconf 90' lang='lat' dir='ltr'><strong>post</strong></span> <span class='ocrx_word' id='word_1_325' title='bbox 1738 1919 1887 1968; x_wconf 88' lang='lat' dir='ltr'><strong>secandum</strong></span> 
     </span>
     <span class='ocr_line' id='line_1_22' title="bbox 194 1983 1886 2052; baseline 0.004 -24"><span class='ocrx_word' id='word_1_326' title='bbox 194 1983 237 2030; x_wconf 83' lang='grc'><strong>25.</strong></span> <span class='ocrx_word' id='word_1_327' title='bbox 250 1983 291 2032; x_wconf 86' lang='grc'><strong>27.</strong></span> <span class='ocrx_word' id='word_1_328' title='bbox 304 1985 344 2035; x_wconf 90' lang='grc'><strong>30.</strong></span> <span class='ocrx_word' id='word_1_329' title='bbox 357 1984 398 2033; x_wconf 84' lang='lat' dir='ltr'><strong>al.</strong></span> <span class='ocrx_word' id='word_1_330' title='bbox 411 1987 452 2033; x_wconf 84' lang='grc'><strong>32.</strong></span> <span class='ocrx_word' id='word_1_331' title='bbox 466 1985 592 2050; x_wconf 87' lang='lat' dir='ltr'><strong>exempla</strong></span> <span class='ocrx_word' id='word_1_332' title='bbox 604 1986 681 2036; x_wconf 88' lang='lat' dir='ltr'><strong>nulla</strong></span> <span class='ocrx_word' id='word_1_333' title='bbox 700 1993 777 2051; x_wconf 91' lang='lat' dir='ltr'><strong>sunt,</strong></span> <span class='ocrx_word' id='word_1_334' title='bbox 796 2003 907 2052; x_wconf 88' lang='lat' dir='ltr'><strong>perrara</strong></span> <span class='ocrx_word' id='word_1_335' title='bbox 925 1995 1029 2038; x_wconf 91' lang='lat' dir='ltr'><strong>cetera·</strong></span> <span class='ocrx_word' id='word_1_336' title='bbox 1056 2003 1191 2052; x_wconf 89' lang='lat' dir='ltr'><strong>quemque</strong></span> <span class='ocrx_word' id='word_1_337' title='bbox 1208 1988 1254 2039; x_wconf 81' lang='lat' dir='ltr'><strong>rel</strong></span> <span class='ocrx_word' id='word_1_338' title='bbox 1267 1989 1378 2038; x_wconf 89' lang='lat' dir='ltr'><strong>tertium</strong></span> <span class='ocrx_word' id='word_1_339' title='bbox 1391 1987 1542 2038; x_wconf 87' lang='lat' dir='ltr'><strong>dochmium</strong></span> <span class='ocrx_word' id='word_1_340' title='bbox 1559 1987 1698 2037; x_wconf 88' lang='lat' dir='ltr'><strong>vocabulo.</strong></span> <span class='ocrx_word' id='word_1_341' title='bbox 1726 1987 1767 2036; x_wconf 88' lang='lat' dir='ltr'><strong>Ab</strong></span> <span class='ocrx_word' id='word_1_342' title='bbox 1780 1985 1886 2036; x_wconf 90' lang='lat' dir='ltr'><strong>usitata</strong></span> 
     </span>
     <span class='ocr_line' id='line_1_23' title="bbox 195 2049 1886 2121; baseline 0.004 -25"><span class='ocrx_word' id='word_1_343' title='bbox 195 2064 264 2098; x_wconf 88' lang='lat' dir='ltr'><strong>rum.</strong></span> <span class='ocrx_word' id='word_1_344' title='bbox 288 2049 387 2099; x_wconf 79' lang='lat' dir='ltr'><strong>Forma</strong></span> <span class='ocrx_word' id='word_1_345' title='bbox 399 2053 440 2102; x_wconf 98' lang='grc'><strong>26.</strong></span> <span class='ocrx_word' id='word_1_346' title='bbox 453 2059 524 2102; x_wconf 89' lang='lat' dir='ltr'><strong>esta</strong></span> <span class='ocrx_word' id='word_1_347' title='bbox 547 2053 583 2102; x_wconf 91' lang='lat' dir='ltr'><strong>ud</strong></span> <span class='ocrx_word' id='word_1_348' title='bbox 596 2055 760 2118; x_wconf 77' lang='lat' dir='ltr'><strong>Aeschylum</strong></span> <span class='ocrx_word' id='word_1_349' title='bbox 774 2055 848 2120; x_wconf 87' lang='lat' dir='ltr'><strong>Sept.</strong></span> <span class='ocrx_word' id='word_1_350' title='bbox 861 2057 919 2106; x_wconf 69' lang='lat'><strong>205.</strong></span> <span class='ocrx_word' id='word_1_351' title='bbox 935 2054 984 2106; x_wconf 87' lang='grc' dir='ltr'><strong>ὅτε</strong></span> <span class='ocrx_word' id='word_1_352' title='bbox 996 2070 1028 2106; x_wconf 85' lang='grc' dir='ltr'><strong>τε</strong></span> <span class='ocrx_word' id='word_1_353' title='bbox 1055 2056 1105 2106; x_wconf 87' lang='lat' dir='ltr'><strong>hac</strong></span> <span class='ocrx_word' id='word_1_354' title='bbox 1118 2055 1224 2105; x_wconf 89' lang='lat' dir='ltr'><strong>ratione</strong></span> <span class='ocrx_word' id='word_1_355' title='bbox 1242 2071 1304 2106; x_wconf 90' lang='lat' dir='ltr'><strong>raro</strong></span> <span class='ocrx_word' id='word_1_356' title='bbox 1320 2071 1371 2106; x_wconf 87' lang='lat' dir='ltr'><strong>nec</strong></span> <span class='ocrx_word' id='word_1_357' title='bbox 1389 2056 1442 2105; x_wconf 91' lang='lat' dir='ltr'><strong>nisi</strong></span> <span class='ocrx_word' id='word_1_358' title='bbox 1459 2055 1604 2121; x_wconf 81' lang='lat' dir='ltr'><strong>augendae</strong></span> <span class='ocrx_word' id='word_1_359' title='bbox 1621 2054 1726 2104; x_wconf 88' lang='lat' dir='ltr'><strong>numeri</strong></span> <span class='ocrx_word' id='word_1_360' title='bbox 1742 2053 1886 2102; x_wconf 87' lang='lat' dir='ltr'><strong>vehemen-</strong></span> 
     </span>
     <span class='ocr_line' id='line_1_24' title="bbox 194 2114 1886 2187; baseline 0.002 -22"><span class='ocrx_word' id='word_1_361' title='bbox 194 2114 325 2180; x_wconf 83' lang='grc' dir='ltr'>σύριγγες</span> <span class='ocrx_word' id='word_1_362' title='bbox 342 2115 479 2180; x_wconf 84' lang='grc' dir='ltr'>ἔκλαγξαν</span> <span class='ocrx_word' id='word_1_363' title='bbox 496 2117 642 2184; x_wconf 88' lang='grc' dir='ltr'>ἑλιτροχοι.</span> <span class='ocrx_word' id='word_1_364' title='bbox 659 2144 692 2162; x_wconf 87' lang='lat'><em>=</em></span> <span class='ocrx_word' id='word_1_365' title='bbox 709 2125 766 2174; x_wconf 90' lang='grc'><strong>213.</strong></span> <span class='ocrx_word' id='word_1_366' title='bbox 786 2121 829 2174; x_wconf 85' lang='grc' dir='ltr'>ὅτ’</span> <span class='ocrx_word' id='word_1_367' title='bbox 844 2120 929 2184; x_wconf 83' lang='grc' dir='ltr'>ὀλοάς</span> <span class='ocrx_word' id='word_1_368' title='bbox 948 2137 1028 2186; x_wconf 89' lang='grc' dir='ltr'>νιφο-</span> <span class='ocrx_word' id='word_1_369' title='bbox 1055 2124 1110 2173; x_wconf 91' lang='lat' dir='ltr'><strong>tiae</strong></span> <span class='ocrx_word' id='word_1_370' title='bbox 1124 2139 1225 2172; x_wconf 82' lang='lat' dir='ltr'><strong>caussa</strong></span> <span class='ocrx_word' id='word_1_371' title='bbox 1238 2123 1426 2174; x_wconf 88' lang='lat' dir='ltr'><strong>discesserunt</strong></span> <span class='ocrx_word' id='word_1_372' title='bbox 1436 2123 1546 2187; x_wconf 83' lang='lat' dir='ltr'><strong>tragici.</strong></span> <span class='ocrx_word' id='word_1_373' title='bbox 1578 2122 1624 2172; x_wconf 81' lang='lat' dir='ltr'><strong>Sic</strong></span> <span class='ocrx_word' id='word_1_374' title='bbox 1638 2121 1709 2187; x_wconf 86' lang='lat' dir='ltr'><strong>apud</strong></span> <span class='ocrx_word' id='word_1_375' title='bbox 1721 2120 1886 2184; x_wconf 75' lang='lat' dir='ltr'><strong>Aeschylum</strong></span> 
     </span>
     <span class='ocr_line' id='line_1_25' title="bbox 194 2182 1887 2256; baseline 0.003 -22"><span class='ocrx_word' id='word_1_376' title='bbox 194 2182 281 2244; x_wconf 88' lang='grc' dir='ltr'>μένας</span> <span class='ocrx_word' id='word_1_377' title='bbox 299 2183 401 2248; x_wconf 89' lang='grc' dir='ltr'>βρόμος</span> <span class='ocrx_word' id='word_1_378' title='bbox 418 2185 449 2237; x_wconf 91' lang='grc' dir='ltr'>έν</span> <span class='ocrx_word' id='word_1_379' title='bbox 467 2186 575 2248; x_wconf 89' lang='grc' dir='ltr'>πύλαις.</span> <span class='ocrx_word' id='word_1_380' title='bbox 612 2191 712 2240; x_wconf 85' lang='lat' dir='ltr'><strong>Forma</strong></span> <span class='ocrx_word' id='word_1_381' title='bbox 729 2193 769 2242; x_wconf 87' lang='grc'><strong>28.</strong></span> <span class='ocrx_word' id='word_1_382' title='bbox 791 2205 833 2256; x_wconf 89' lang='lat' dir='ltr'><strong>ap.</strong></span> <span class='ocrx_word' id='word_1_383' title='bbox 852 2191 948 2256; x_wconf 85' lang='lat' dir='ltr'><strong>Eurip.</strong></span> <span class='ocrx_word' id='word_1_384' title='bbox 964 2190 1028 2242; x_wconf 92' lang='lat' dir='ltr'><strong>Hel.</strong></span> <span class='ocrx_word' id='word_1_385' title='bbox 1056 2191 1131 2255; x_wconf 78' lang='lat' dir='ltr'><strong>Sept.</strong></span> <span class='ocrx_word' id='word_1_386' title='bbox 1145 2193 1205 2242; x_wconf 86' lang='grc'><strong>698.</strong></span> <span class='ocrx_word' id='word_1_387' title='bbox 1218 2206 1266 2242; x_wconf 85' lang='lat' dir='ltr'><strong>sex</strong></span> <span class='ocrx_word' id='word_1_388' title='bbox 1279 2192 1338 2242; x_wconf 90' lang='lat' dir='ltr'><strong>siae</strong></span> <span class='ocrx_word' id='word_1_389' title='bbox 1352 2206 1440 2256; x_wconf 87' lang='lat' dir='ltr'><strong>pausa</strong></span> <span class='ocrx_word' id='word_1_390' title='bbox 1449 2190 1568 2240; x_wconf 88' lang='lat' dir='ltr'><strong>dochmii</strong></span> <span class='ocrx_word' id='word_1_391' title='bbox 1578 2194 1642 2240; x_wconf 89' lang='lat' dir='ltr'><strong>sant</strong></span> <span class='ocrx_word' id='word_1_392' title='bbox 1652 2189 1802 2251; x_wconf 89' lang='lat' dir='ltr'><strong>coniuncti,</strong></span> <span class='ocrx_word' id='word_1_393' title='bbox 1815 2186 1887 2239; x_wconf 86' lang='grc' dir='ltr'>ἀλλὰ</span> 
     </span>
     <span class='ocr_line' id='line_1_26' title="bbox 193 2251 1885 2322; baseline 0.003 -21"><span class='ocrx_word' id='word_1_394' title='bbox 193 2252 254 2302; x_wconf 88' lang='grc'><strong>687.</strong></span> <span class='ocrx_word' id='word_1_395' title='bbox 268 2251 303 2302; x_wconf 88' lang='grc' dir='ltr'><strong>δι’</strong></span> <span class='ocrx_word' id='word_1_396' title='bbox 315 2251 363 2315; x_wconf 89' lang='grc' dir='ltr'><strong>έμέ</strong></span> <span class='ocrx_word' id='word_1_397' title='bbox 376 2254 559 2318; x_wconf 83' lang='grc' dir='ltr'>κατεδήσατο.</span> <span class='ocrx_word' id='word_1_398' title='bbox 589 2257 672 2308; x_wconf 87' lang='lat' dir='ltr'><strong>Hero.</strong></span> <span class='ocrx_word' id='word_1_399' title='bbox 687 2260 743 2309; x_wconf 79' lang='grc'><strong>758.</strong></span> <span class='ocrx_word' id='word_1_400' title='bbox 757 2256 868 2322; x_wconf 85' lang='grc' dir='ltr'>άφρονα</span> <span class='ocrx_word' id='word_1_401' title='bbox 880 2256 968 2321; x_wconf 88' lang='grc' dir='ltr'>λόγον</span> <span class='ocrx_word' id='word_1_402' title='bbox 981 2257 1027 2308; x_wconf 91' lang='grc' dir='ltr'><strong>ού-</strong></span> <span class='ocrx_word' id='word_1_403' title='bbox 1055 2257 1089 2310; x_wconf 88' lang='grc' dir='ltr'><strong>σὺ</strong></span> <span class='ocrx_word' id='word_1_404' title='bbox 1103 2258 1140 2322; x_wconf 85' lang='grc' dir='ltr'>μή</span> <span class='ocrx_word' id='word_1_405' title='bbox 1154 2257 1313 2322; x_wconf 79' lang='grc' dir='ltr'>’ποτρύνοα</span> <span class='ocrx_word' id='word_1_406' title='bbox 1337 2259 1420 2319; x_wconf 88' lang='grc' dir='ltr'>κακός</span> <span class='ocrx_word' id='word_1_407' title='bbox 1437 2256 1470 2308; x_wconf 89' lang='grc' dir='ltr'><strong>σύ</strong></span> <span class='ocrx_word' id='word_1_408' title='bbox 1484 2255 1615 2321; x_wconf 86' lang='grc' dir='ltr'>κεκλήσει</span> <span class='ocrx_word' id='word_1_409' title='bbox 1627 2255 1687 2319; x_wconf 92' lang='grc' dir='ltr'>βίον</span> <span class='ocrx_word' id='word_1_410' title='bbox 1705 2253 1735 2307; x_wconf 85' lang='grc' dir='ltr'><strong>εὓ</strong></span> <span class='ocrx_word' id='word_1_411' title='bbox 1752 2253 1885 2321; x_wconf 87' lang='grc' dir='ltr'>κυρήσας·</span> 
     </span>
     <span class='ocr_line' id='line_1_27' title="bbox 194 2317 1886 2391; baseline 0.002 -22"><span class='ocrx_word' id='word_1_412' title='bbox 194 2317 303 2382; x_wconf 91' lang='grc' dir='ltr'>ρανίων</span> <span class='ocrx_word' id='word_1_413' title='bbox 321 2319 456 2386; x_wconf 82' lang='grc' dir='ltr'>μακάρων</span> <span class='ocrx_word' id='word_1_414' title='bbox 473 2322 610 2385; x_wconf 80' lang='grc' dir='ltr'>κατέβαλ’.</span> <span class='ocrx_word' id='word_1_415' title='bbox 639 2327 685 2376; x_wconf 92' lang='lat' dir='ltr'><strong>abi</strong></span> <span class='ocrx_word' id='word_1_416' title='bbox 703 2327 732 2374; x_wconf 91' lang='lat' dir='ltr'><strong>in</strong></span> <span class='ocrx_word' id='word_1_417' title='bbox 754 2327 867 2391; x_wconf 89' lang='lat' dir='ltr'><strong>stropha</strong></span> <span class='ocrx_word' id='word_1_418' title='bbox 885 2327 1028 2376; x_wconf 86' lang='lat' dir='ltr'><strong>anacrasis</strong></span> <span class='ocrx_word' id='word_1_419' title='bbox 1055 2324 1213 2388; x_wconf 87' lang='grc' dir='ltr'>μελάναιγις</span> <span class='ocrx_word' id='word_1_420' title='bbox 1225 2325 1277 2377; x_wconf 83' lang='grc' dir='ltr'><strong>οὐκ</strong></span> <span class='ocrx_word' id='word_1_421' title='bbox 1291 2324 1345 2378; x_wconf 79' lang='lat' dir='ltr'><strong>siat</strong></span> <span class='ocrx_word' id='word_1_422' title='bbox 1358 2325 1462 2389; x_wconf 89' lang='grc' dir='ltr'>δόμους</span> <span class='ocrx_word' id='word_1_423' title='bbox 1476 2325 1593 2389; x_wconf 85' lang='grc' dir='ltr'>Ἐρινύς,</span> <span class='ocrx_word' id='word_1_424' title='bbox 1612 2325 1682 2376; x_wconf 85' lang='grc' dir='ltr'>όταν</span> <span class='ocrx_word' id='word_1_425' title='bbox 1698 2322 1730 2374; x_wconf 88' lang='grc' dir='ltr'>έκ</span> <span class='ocrx_word' id='word_1_426' title='bbox 1741 2325 1833 2386; x_wconf 83' lang='grc' dir='ltr'>χερῶν</span> <span class='ocrx_word' id='word_1_427' title='bbox 1845 2349 1886 2373; x_wconf 87' lang='grc'><strong>-.</strong></span> 
     </span>
     <span class='ocr_line' id='line_1_28' title="bbox 193 2387 1885 2459; baseline 0.003 -24"><span class='ocrx_word' id='word_1_428' title='bbox 193 2387 286 2438; x_wconf 82' lang='lat' dir='ltr'><strong>altera</strong></span> <span class='ocrx_word' id='word_1_429' title='bbox 302 2389 395 2440; x_wconf 87' lang='lat' dir='ltr'><strong>brevis</strong></span> <span class='ocrx_word' id='word_1_430' title='bbox 411 2395 454 2440; x_wconf 89' lang='lat' dir='ltr'><strong>est</strong></span> <span class='ocrx_word' id='word_1_431' title='bbox 472 2393 529 2442; x_wconf 82' lang='grc'><strong>745.</strong></span> <span class='ocrx_word' id='word_1_432' title='bbox 548 2389 633 2443; x_wconf 88' lang='grc' dir='ltr'>πάλιν</span> <span class='ocrx_word' id='word_1_433' title='bbox 650 2391 752 2457; x_wconf 79' lang='grc' dir='ltr'>ἔμολεν</span> <span class='ocrx_word' id='word_1_434' title='bbox 769 2391 888 2458; x_wconf 84' lang='grc' dir='ltr'>δπάρος</span> <span class='ocrx_word' id='word_1_435' title='bbox 906 2393 939 2445; x_wconf 88' lang='grc' dir='ltr'><strong>ού</strong></span> <span class='ocrx_word' id='word_1_436' title='bbox 957 2408 1028 2446; x_wconf 89' lang='grc' dir='ltr'>ποτε</span> <span class='ocrx_word' id='word_1_437' title='bbox 1057 2395 1102 2444; x_wconf 89' lang='lat' dir='ltr'><strong>cai</strong></span> <span class='ocrx_word' id='word_1_438' title='bbox 1114 2395 1207 2444; x_wconf 86' lang='lat' dir='ltr'><strong>versui</strong></span> <span class='ocrx_word' id='word_1_439' title='bbox 1225 2394 1373 2459; x_wconf 89' lang='lat' dir='ltr'><strong>respondet</strong></span> <span class='ocrx_word' id='word_1_440' title='bbox 1390 2411 1415 2444; x_wconf 85' lang='lat' dir='ltr'><strong>v.</strong></span> <span class='ocrx_word' id='word_1_441' title='bbox 1429 2395 1486 2444; x_wconf 82' lang='grc'><strong>765.</strong></span> <span class='ocrx_word' id='word_1_442' title='bbox 1504 2395 1557 2443; x_wconf 83' lang='grc' dir='ltr'><strong>νύν</strong></span> <span class='ocrx_word' id='word_1_443' title='bbox 1573 2392 1622 2443; x_wconf 88' lang='grc' dir='ltr'><strong>ότε</strong></span> <span class='ocrx_word' id='word_1_444' title='bbox 1635 2405 1679 2444; x_wconf 93' lang='grc' dir='ltr'><strong>σοι</strong></span> <span class='ocrx_word' id='word_1_445' title='bbox 1696 2389 1885 2456; x_wconf 91' lang='grc' dir='ltr'>παρέστακεν·</span> 
     </span>
     <span class='ocr_line' id='line_1_29' title="bbox 193 2453 1886 2525; baseline -0.005 -8"><span class='ocrx_word' id='word_1_446' title='bbox 193 2453 239 2504; x_wconf 73' lang='lat' dir='ltr'><strong>bid</strong></span> <span class='ocrx_word' id='word_1_447' title='bbox 251 2455 358 2520; x_wconf 70' lang='lat' dir='ltr'><strong>aperte</strong></span> <span class='ocrx_word' id='word_1_448' title='bbox 371 2455 413 2510; x_wconf 74' lang='grc' dir='ltr'><strong>ἄν.</strong></span> <span class='ocrx_word' id='word_1_449' title='bbox 1055 2460 1116 2512; x_wconf 88' lang='grc' dir='ltr'>έπεί</span> <span class='ocrx_word' id='word_1_450' title='bbox 1134 2458 1243 2523; x_wconf 86' lang='grc' dir='ltr'>δαίμων</span> <span class='ocrx_word' id='word_1_451' title='bbox 1260 2460 1385 2525; x_wconf 91' lang='grc' dir='ltr'>λήματος</span> <span class='ocrx_word' id='word_1_452' title='bbox 1401 2461 1432 2512; x_wconf 90' lang='grc' dir='ltr'>έν</span> <span class='ocrx_word' id='word_1_453' title='bbox 1443 2459 1566 2525; x_wconf 83' lang='grc' dir='ltr'>τροπαίᾳ</span> <span class='ocrx_word' id='word_1_454' title='bbox 1582 2459 1679 2525; x_wconf 81' lang='grc' dir='ltr'>χρονίᾳ</span> <span class='ocrx_word' id='word_1_455' title='bbox 1694 2459 1886 2521; x_wconf 90' lang='grc' dir='ltr'>μεταλλακτός</span> 
     </span>
     <span class='ocr_line' id='line_1_30' title="bbox 249 2523 1888 2596; baseline 0.002 -24"><span class='ocrx_word' id='word_1_456' title='bbox 249 2523 383 2575; x_wconf 84' lang='lat' dir='ltr'><strong>Versibus</strong></span> <span class='ocrx_word' id='word_1_457' title='bbox 402 2526 569 2577; x_wconf 87' lang='lat' dir='ltr'><strong>dochmiaeis</strong></span> <span class='ocrx_word' id='word_1_458' title='bbox 587 2529 687 2594; x_wconf 85' lang='lat' dir='ltr'><strong>tragici</strong></span> <span class='ocrx_word' id='word_1_459' title='bbox 704 2544 788 2596; x_wconf 86' lang='lat' dir='ltr'><strong>saepe</strong></span> <span class='ocrx_word' id='word_1_460' title='bbox 806 2531 849 2580; x_wconf 92' lang='lat' dir='ltr'><strong>usi</strong></span> <span class='ocrx_word' id='word_1_461' title='bbox 862 2535 925 2580; x_wconf 91' lang='lat' dir='ltr'><strong>sunt</strong></span> <span class='ocrx_word' id='word_1_462' title='bbox 937 2546 1028 2580; x_wconf 89' lang='lat' dir='ltr'><strong>mono·</strong></span> <span class='ocrx_word' id='word_1_463' title='bbox 1054 2528 1124 2589; x_wconf 76' lang='grc' dir='ltr'>ἴσως</span> <span class='ocrx_word' id='word_1_464' title='bbox 1136 2527 1171 2579; x_wconf 86' lang='grc' dir='ltr'><strong>ἂν</strong></span> <span class='ocrx_word' id='word_1_465' title='bbox 1183 2528 1259 2580; x_wconf 84' lang='grc' dir='ltr'>ἔλθοι</span> <span class='ocrx_word' id='word_1_466' title='bbox 1271 2527 1468 2594; x_wconf 85' lang='grc' dir='ltr'>θαλερωτέρψ,</span> <span class='ocrx_word' id='word_1_467' title='bbox 1482 2529 1591 2578; x_wconf 90' lang='lat' dir='ltr'><strong>adiecta</strong></span> <span class='ocrx_word' id='word_1_468' title='bbox 1603 2527 1749 2592; x_wconf 89' lang='lat' dir='ltr'><strong>utrobique</strong></span> <span class='ocrx_word' id='word_1_469' title='bbox 1763 2526 1888 2577; x_wconf 88' lang='lat' dir='ltr'><strong>clausula</strong></span> 
     </span>
     <span class='ocr_line' id='line_1_31' title="bbox 144 2592 1886 2664; baseline 0.003 -26"><span class='ocrx_word' id='word_1_470' title='bbox 144 2659 148 2664; x_wconf 31' lang='grc' dir='ltr'>Ι</span> <span class='ocrx_word' id='word_1_471' title='bbox 196 2592 292 2640; x_wconf 89' lang='lat' dir='ltr'><strong>metris</strong></span> <span class='ocrx_word' id='word_1_472' title='bbox 308 2592 353 2642; x_wconf 85' lang='lat' dir='ltr'><strong>vel</strong></span> <span class='ocrx_word' id='word_1_473' title='bbox 371 2593 494 2645; x_wconf 89' lang='lat' dir='ltr'><strong>dimetris</strong></span> <span class='ocrx_word' id='word_1_474' title='bbox 510 2597 583 2647; x_wconf 91' lang='lat' dir='ltr'><strong>inter</strong></span> <span class='ocrx_word' id='word_1_475' title='bbox 605 2597 661 2646; x_wconf 87' lang='lat' dir='ltr'><strong>alia</strong></span> <span class='ocrx_word' id='word_1_476' title='bbox 679 2603 766 2648; x_wconf 91' lang='lat' dir='ltr'><strong>metra</strong></span> <span class='ocrx_word' id='word_1_477' title='bbox 785 2599 882 2663; x_wconf 88' lang='lat' dir='ltr'><strong>positis</strong></span> <span class='ocrx_word' id='word_1_478' title='bbox 904 2598 950 2648; x_wconf 84' lang='lat' dir='ltr'><strong>vel</strong></span> <span class='ocrx_word' id='word_1_479' title='bbox 968 2615 1029 2648; x_wconf 91' lang='lat' dir='ltr'><strong>cum</strong></span> <span class='ocrx_word' id='word_1_480' title='bbox 1055 2597 1466 2648; x_wconf 65' lang='lat' dir='ltr'><strong>choriambicaaee...a-.</strong></span> <span class='ocrx_word' id='word_1_481' title='bbox 1489 2597 1648 2661; x_wconf 88' lang='lat' dir='ltr'><strong>pariterque</strong></span> <span class='ocrx_word' id='word_1_482' title='bbox 1662 2599 1792 2659; x_wconf 89' lang='lat' dir='ltr'><strong>quattuor</strong></span> <span class='ocrx_word' id='word_1_483' title='bbox 1804 2594 1886 2644; x_wconf 89' lang='lat' dir='ltr'><strong>doch-</strong></span> 
     </span>
     <span class='ocr_line' id='line_1_32' title="bbox 194 2658 1886 2729; baseline 0.002 -22"><span class='ocrx_word' id='word_1_484' title='bbox 194 2658 261 2708; x_wconf 88' lang='lat' dir='ltr'><strong>aliis</strong></span> <span class='ocrx_word' id='word_1_485' title='bbox 271 2661 366 2709; x_wconf 89' lang='lat' dir='ltr'><strong>metris</strong></span> <span class='ocrx_word' id='word_1_486' title='bbox 379 2662 407 2711; x_wconf 91' lang='lat' dir='ltr'><strong>in</strong></span> <span class='ocrx_word' id='word_1_487' title='bbox 420 2678 501 2712; x_wconf 87' lang='lat' dir='ltr'><strong>unam</strong></span> <span class='ocrx_word' id='word_1_488' title='bbox 513 2663 654 2729; x_wconf 88' lang='lat' dir='ltr'><strong>periodum</strong></span> <span class='ocrx_word' id='word_1_489' title='bbox 668 2666 832 2728; x_wconf 89' lang='lat' dir='ltr'><strong>coniunctis,</strong></span> <span class='ocrx_word' id='word_1_490' title='bbox 844 2664 897 2715; x_wconf 86' lang='lat' dir='ltr'><strong>fine</strong></span> <span class='ocrx_word' id='word_1_491' title='bbox 911 2665 1028 2715; x_wconf 89' lang='lat' dir='ltr'><strong>dochmii</strong></span> <span class='ocrx_word' id='word_1_492' title='bbox 1055 2666 1174 2714; x_wconf 85' lang='lat' dir='ltr'><strong>mileum</strong></span> <span class='ocrx_word' id='word_1_493' title='bbox 1189 2665 1284 2715; x_wconf 88' lang='lat' dir='ltr'><strong>eadem</strong></span> <span class='ocrx_word' id='word_1_494' title='bbox 1299 2664 1424 2715; x_wconf 88' lang='lat' dir='ltr'><strong>clausula</strong></span> <span class='ocrx_word' id='word_1_495' title='bbox 1436 2663 1579 2715; x_wconf 74' lang='lat' dir='ltr'><strong>sae-686.</strong></span> <span class='ocrx_word' id='word_1_496' title='bbox 1592 2683 1626 2704; x_wconf 88' lang='lat'><em>=</em></span> <span class='ocrx_word' id='word_1_497' title='bbox 1638 2664 1781 2713; x_wconf 85' lang='grc'><strong>692-694.</strong></span> <span class='ocrx_word' id='word_1_498' title='bbox 1800 2662 1886 2712; x_wconf 87' lang='lat' dir='ltr'><strong>Plane</strong></span> 
     </span>
     <span class='ocr_line' id='line_1_33' title="bbox 191 2728 1887 2798; baseline 0.003 -23"><span class='ocrx_word' id='word_1_499' title='bbox 191 2741 249 2776; x_wconf 91' lang='lat' dir='ltr'><strong>non</strong></span> <span class='ocrx_word' id='word_1_500' title='bbox 261 2741 323 2777; x_wconf 89' lang='lat' dir='ltr'><strong>raro</strong></span> <span class='ocrx_word' id='word_1_501' title='bbox 336 2729 365 2778; x_wconf 93' lang='lat' dir='ltr'><strong>in</strong></span> <span class='ocrx_word' id='word_1_502' title='bbox 379 2730 470 2780; x_wconf 90' lang='lat' dir='ltr'><strong>media</strong></span> <span class='ocrx_word' id='word_1_503' title='bbox 484 2731 618 2782; x_wconf 88' lang='lat' dir='ltr'><strong>vocabula</strong></span> <span class='ocrx_word' id='word_1_504' title='bbox 630 2732 759 2794; x_wconf 87' lang='lat' dir='ltr'><strong>cadente,</strong></span> <span class='ocrx_word' id='word_1_505' title='bbox 778 2732 951 2798; x_wconf 86' lang='lat' dir='ltr'><strong>frequentius</strong></span> <span class='ocrx_word' id='word_1_506' title='bbox 963 2749 1027 2785; x_wconf 83' lang='lat' dir='ltr'><strong>vero</strong></span> <span class='ocrx_word' id='word_1_507' title='bbox 1055 2733 1151 2782; x_wconf 88' lang='lat' dir='ltr'><strong>eadem</strong></span> <span class='ocrx_word' id='word_1_508' title='bbox 1163 2734 1234 2783; x_wconf 90' lang='lat' dir='ltr'><strong>ratio</strong></span> <span class='ocrx_word' id='word_1_509' title='bbox 1247 2739 1291 2783; x_wconf 89' lang='lat' dir='ltr'><strong>est</strong></span> <span class='ocrx_word' id='word_1_510' title='bbox 1303 2747 1352 2782; x_wconf 85' lang='lat' dir='ltr'><strong>sex</strong></span> <span class='ocrx_word' id='word_1_511' title='bbox 1370 2732 1554 2782; x_wconf 89' lang='lat' dir='ltr'><strong>dochmiorum</strong></span> <span class='ocrx_word' id='word_1_512' title='bbox 1569 2731 1643 2796; x_wconf 91' lang='lat' dir='ltr'><strong>apud</strong></span> <span class='ocrx_word' id='word_1_513' title='bbox 1656 2732 1721 2784; x_wconf 87' lang='lat' dir='ltr'><strong>Eur.</strong></span> <span class='ocrx_word' id='word_1_514' title='bbox 1737 2728 1808 2780; x_wconf 89' lang='lat' dir='ltr'><strong>Med.</strong></span> <span class='ocrx_word' id='word_1_515' title='bbox 1822 2733 1887 2780; x_wconf 81' lang='grc'><strong>1268</strong></span> 
     </span>
     <span class='ocr_line' id='line_1_34' title="bbox 192 2796 1885 2866; baseline 0.002 -24"><span class='ocrx_word' id='word_1_516' title='bbox 192 2800 1028 2866; x_wconf 84' lang='lat' dir='ltr'><strong>aamerampersystematamodolongioramodobreviora</strong></span> <span class='ocrx_word' id='word_1_517' title='bbox 1053 2801 1410 2851; x_wconf 85' lang='grc'><strong>-.-1260.--1268-1276.</strong></span> <span class='ocrx_word' id='word_1_518' title='bbox 1444 2800 1547 2851; x_wconf 84' lang='grc' dir='ltr'>Ρίιοου,</span> <span class='ocrx_word' id='word_1_519' title='bbox 1567 2799 1717 2849; x_wconf 75' lang='lat' dir='ltr'><strong>tat-190.</strong></span> <span class='ocrx_word' id='word_1_520' title='bbox 1751 2796 1885 2848; x_wconf 80' lang='lat' dir='ltr'><strong>Consulto</strong></span> 
     </span>
     <span class='ocr_line' id='line_1_35' title="bbox 193 2863 1887 2933; baseline 0.002 -23"><span class='ocrx_word' id='word_1_521' title='bbox 193 2863 404 2914; x_wconf 86' lang='lat' dir='ltr'><strong>continuarunt:</strong></span> <span class='ocrx_word' id='word_1_522' title='bbox 428 2867 581 2917; x_wconf 90' lang='lat' dir='ltr'><strong>cuiusmodi</strong></span> <span class='ocrx_word' id='word_1_523' title='bbox 598 2868 633 2917; x_wconf 87' lang='lat' dir='ltr'><strong>ab</strong></span> <span class='ocrx_word' id='word_1_524' title='bbox 652 2869 780 2918; x_wconf 84' lang='lat' dir='ltr'><strong>versibus</strong></span> <span class='ocrx_word' id='word_1_525' title='bbox 801 2869 855 2918; x_wconf 88' lang='lat' dir='ltr'><strong>etsi</strong></span> <span class='ocrx_word' id='word_1_526' title='bbox 876 2868 981 2918; x_wconf 90' lang='lat' dir='ltr'><strong>hiatum</strong></span> <span class='ocrx_word' id='word_1_527' title='bbox 1000 2875 1027 2919; x_wconf 92' lang='lat' dir='ltr'><strong>et</strong></span> <span class='ocrx_word' id='word_1_528' title='bbox 1055 2873 1159 2931; x_wconf 90' lang='lat' dir='ltr'><strong>autam,</strong></span> <span class='ocrx_word' id='word_1_529' title='bbox 1177 2884 1233 2918; x_wconf 92' lang='lat' dir='ltr'><strong>non</strong></span> <span class='ocrx_word' id='word_1_530' title='bbox 1245 2883 1326 2932; x_wconf 89' lang='lat' dir='ltr'><strong>casn,</strong></span> <span class='ocrx_word' id='word_1_531' title='bbox 1340 2867 1412 2918; x_wconf 89' lang='lat' dir='ltr'><strong>hunc</strong></span> <span class='ocrx_word' id='word_1_532' title='bbox 1425 2883 1442 2917; x_wconf 86' lang='lat' dir='ltr'><strong>a</strong></span> <span class='ocrx_word' id='word_1_533' title='bbox 1454 2868 1545 2933; x_wconf 89' lang='lat' dir='ltr'><strong>poetis</strong></span> <span class='ocrx_word' id='word_1_534' title='bbox 1558 2867 1718 2916; x_wconf 87' lang='lat' dir='ltr'><strong>institutam</strong></span> <span class='ocrx_word' id='word_1_535' title='bbox 1731 2881 1792 2916; x_wconf 89' lang='lat' dir='ltr'><strong>esse</strong></span> <span class='ocrx_word' id='word_1_536' title='bbox 1806 2864 1887 2914; x_wconf 88' lang='lat' dir='ltr'><strong>doeh-</strong></span> 
     </span>
     <span class='ocr_line' id='line_1_36' title="bbox 189 2929 1885 3000; baseline 0.001 -22"><span class='ocrx_word' id='word_1_537' title='bbox 189 2929 328 2992; x_wconf 89' lang='lat' dir='ltr'><strong>syllabam</strong></span> <span class='ocrx_word' id='word_1_538' title='bbox 344 2933 493 2997; x_wconf 84' lang='lat' dir='ltr'><strong>ancipitem</strong></span> <span class='ocrx_word' id='word_1_539' title='bbox 511 2935 623 2985; x_wconf 85' lang='lat' dir='ltr'><strong>excludi</strong></span> <span class='ocrx_word' id='word_1_540' title='bbox 635 2937 797 3000; x_wconf 89' lang='lat' dir='ltr'><strong>oportebat,</strong></span> <span class='ocrx_word' id='word_1_541' title='bbox 815 2943 908 2984; x_wconf 88' lang='lat' dir='ltr'><strong>tamea</strong></span> <span class='ocrx_word' id='word_1_542' title='bbox 926 2941 1027 2986; x_wconf 90' lang='lat' dir='ltr'><strong>utram·</strong></span> <span class='ocrx_word' id='word_1_543' title='bbox 1054 2935 1168 2985; x_wconf 89' lang='lat' dir='ltr'><strong>mierum</strong></span> <span class='ocrx_word' id='word_1_544' title='bbox 1185 2936 1343 2999; x_wconf 89' lang='lat' dir='ltr'><strong>decursam,</strong></span> <span class='ocrx_word' id='word_1_545' title='bbox 1365 2953 1399 2986; x_wconf 82' lang='lat' dir='ltr'><strong>ex</strong></span> <span class='ocrx_word' id='word_1_546' title='bbox 1420 2952 1452 2986; x_wconf 92' lang='lat' dir='ltr'><strong>eo</strong></span> <span class='ocrx_word' id='word_1_547' title='bbox 1470 2935 1563 3000; x_wconf 79' lang='lat' dir='ltr'><strong>colligi</strong></span> <span class='ocrx_word' id='word_1_548' title='bbox 1579 2939 1678 3000; x_wconf 87' lang='lat' dir='ltr'><strong>potest,</strong></span> <span class='ocrx_word' id='word_1_549' title='bbox 1701 2932 1773 2997; x_wconf 89' lang='lat' dir='ltr'><strong>quod</strong></span> <span class='ocrx_word' id='word_1_550' title='bbox 1791 2947 1841 2997; x_wconf 89' lang='lat' dir='ltr'><strong>par</strong></span> <span class='ocrx_word' id='word_1_551' title='bbox 1857 2933 1885 2981; x_wconf 88' lang='lat' dir='ltr'><strong>in</strong></span> 
     </span>
     <span class='ocr_line' id='line_1_37' title="bbox 191 2997 1886 3068; baseline 0.002 -22"><span class='ocrx_word' id='word_1_552' title='bbox 191 3012 245 3060; x_wconf 91' lang='lat' dir='ltr'><strong>que</strong></span> <span class='ocrx_word' id='word_1_553' title='bbox 259 2997 418 3050; x_wconf 88' lang='lat' dir='ltr'><strong>libertatem</strong></span> <span class='ocrx_word' id='word_1_554' title='bbox 430 3001 567 3051; x_wconf 90' lang='lat' dir='ltr'><strong>interdum</strong></span> <span class='ocrx_word' id='word_1_555' title='bbox 585 3003 637 3054; x_wconf 91' lang='lat' dir='ltr'><strong>sihi</strong></span> <span class='ocrx_word' id='word_1_556' title='bbox 651 3009 807 3054; x_wconf 84' lang='lat' dir='ltr'><strong>sumserunt</strong></span> <span class='ocrx_word' id='word_1_557' title='bbox 822 3003 871 3052; x_wconf 91' lang='lat' dir='ltr'><strong>ubi</strong></span> <span class='ocrx_word' id='word_1_558' title='bbox 884 3004 927 3054; x_wconf 87' lang='lat' dir='ltr'><strong>vel</strong></span> <span class='ocrx_word' id='word_1_559' title='bbox 939 3005 974 3053; x_wconf 93' lang='lat' dir='ltr'><strong>ab</strong></span> <span class='ocrx_word' id='word_1_560' title='bbox 987 3004 1027 3054; x_wconf 91' lang='lat' dir='ltr'><strong>in·</strong></span> <span class='ocrx_word' id='word_1_561' title='bbox 1054 3002 1209 3054; x_wconf 87' lang='lat' dir='ltr'><strong>huiusmodi</strong></span> <span class='ocrx_word' id='word_1_562' title='bbox 1226 3003 1293 3054; x_wconf 90' lang='lat' dir='ltr'><strong>locis</strong></span> <span class='ocrx_word' id='word_1_563' title='bbox 1307 3010 1350 3054; x_wconf 87' lang='lat' dir='ltr'><strong>est</strong></span> <span class='ocrx_word' id='word_1_564' title='bbox 1368 3010 1396 3054; x_wconf 90' lang='lat' dir='ltr'><strong>et</strong></span> <span class='ocrx_word' id='word_1_565' title='bbox 1409 3004 1537 3068; x_wconf 89' lang='lat' dir='ltr'><strong>strophae</strong></span> <span class='ocrx_word' id='word_1_566' title='bbox 1556 3011 1585 3052; x_wconf 89' lang='lat' dir='ltr'><strong>et</strong></span> <span class='ocrx_word' id='word_1_567' title='bbox 1602 3001 1793 3065; x_wconf 88' lang='lat' dir='ltr'><strong>antistrophae</strong></span> <span class='ocrx_word' id='word_1_568' title='bbox 1806 3001 1886 3050; x_wconf 89' lang='lat' dir='ltr'><strong>ratio.</strong></span> 
     </span>
     <span class='ocr_line' id='line_1_38' title="bbox 192 3067 1886 3136; baseline 0.002 -24"><span class='ocrx_word' id='word_1_569' title='bbox 192 3067 395 3130; x_wconf 87' lang='lat' dir='ltr'><strong>terpunetiene,</strong></span> <span class='ocrx_word' id='word_1_570' title='bbox 408 3068 451 3119; x_wconf 87' lang='lat' dir='ltr'><strong>vel</strong></span> <span class='ocrx_word' id='word_1_571' title='bbox 465 3069 500 3118; x_wconf 92' lang='lat' dir='ltr'><strong>ab</strong></span> <span class='ocrx_word' id='word_1_572' title='bbox 515 3070 728 3135; x_wconf 85' lang='lat' dir='ltr'><strong>compellatione</strong></span> <span class='ocrx_word' id='word_1_573' title='bbox 741 3087 790 3136; x_wconf 90' lang='lat' dir='ltr'><strong>per</strong></span> <span class='ocrx_word' id='word_1_574' title='bbox 802 3071 968 3135; x_wconf 86' lang='lat' dir='ltr'><strong>vocativum,</strong></span> <span class='ocrx_word' id='word_1_575' title='bbox 982 3071 1026 3122; x_wconf 87' lang='lat' dir='ltr'><strong>vel</strong></span> <span class='ocrx_word' id='word_1_576' title='bbox 1054 3071 1150 3134; x_wconf 89' lang='lat' dir='ltr'><strong>Neque</strong></span> <span class='ocrx_word' id='word_1_577' title='bbox 1167 3071 1240 3120; x_wconf 91' lang='lat' dir='ltr'><strong>enim</strong></span> <span class='ocrx_word' id='word_1_578' title='bbox 1254 3071 1388 3122; x_wconf 89' lang='lat' dir='ltr'><strong>alterutra</strong></span> <span class='ocrx_word' id='word_1_579' title='bbox 1400 3071 1429 3120; x_wconf 90' lang='lat' dir='ltr'><strong>in</strong></span> <span class='ocrx_word' id='word_1_580' title='bbox 1443 3071 1574 3121; x_wconf 87' lang='lat' dir='ltr'><strong>dimetros</strong></span> <span class='ocrx_word' id='word_1_581' title='bbox 1586 3069 1667 3134; x_wconf 90' lang='lat' dir='ltr'><strong>plena</strong></span> <span class='ocrx_word' id='word_1_582' title='bbox 1680 3067 1815 3119; x_wconf 86' lang='lat' dir='ltr'><strong>vocabulo</strong></span> <span class='ocrx_word' id='word_1_583' title='bbox 1832 3072 1886 3118; x_wconf 91' lang='lat' dir='ltr'><strong>ter-</strong></span> 
     </span>
     <span class='ocr_line' id='line_1_39' title="bbox 191 3133 1886 3204; baseline 0.002 -24"><span class='ocrx_word' id='word_1_584' title='bbox 191 3133 227 3181; x_wconf 90' lang='lat' dir='ltr'><strong>ab</strong></span> <span class='ocrx_word' id='word_1_585' title='bbox 241 3138 349 3184; x_wconf 88' lang='lat' dir='ltr'><strong>mutata</strong></span> <span class='ocrx_word' id='word_1_586' title='bbox 363 3151 481 3200; x_wconf 90' lang='lat' dir='ltr'><strong>persona</strong></span> <span class='ocrx_word' id='word_1_587' title='bbox 494 3138 599 3202; x_wconf 90' lang='lat' dir='ltr'><strong>aliquid</strong></span> <span class='ocrx_word' id='word_1_588' title='bbox 617 3139 806 3189; x_wconf 82' lang='lat' dir='ltr'><strong>excusationis</strong></span> <span class='ocrx_word' id='word_1_589' title='bbox 818 3137 943 3189; x_wconf 89' lang='lat' dir='ltr'><strong>haberet.</strong></span> <span class='ocrx_word' id='word_1_590' title='bbox 981 3139 1027 3190; x_wconf 85' lang='lat' dir='ltr'><strong>Sic</strong></span> <span class='ocrx_word' id='word_1_591' title='bbox 1053 3139 1172 3188; x_wconf 90' lang='lat' dir='ltr'><strong>minatos</strong></span> <span class='ocrx_word' id='word_1_592' title='bbox 1191 3137 1280 3204; x_wconf 78' lang='lat' dir='ltr'><strong>&lt;ligeri</strong></span> <span class='ocrx_word' id='word_1_593' title='bbox 1296 3145 1397 3203; x_wconf 88' lang='lat' dir='ltr'><strong>potest.</strong></span> <span class='ocrx_word' id='word_1_594' title='bbox 1434 3138 1527 3190; x_wconf 80' lang='lat' dir='ltr'><strong>Simile</strong></span> <span class='ocrx_word' id='word_1_595' title='bbox 1545 3137 1610 3202; x_wconf 87' lang='lat' dir='ltr'><strong>quid</strong></span> <span class='ocrx_word' id='word_1_596' title='bbox 1628 3135 1886 3186; x_wconf 81' lang='lat' dir='ltr'><strong>eademdecaussa</strong></span> 
     </span>
     <span class='ocr_line' id='line_1_40' title="bbox 190 3200 1887 3272; baseline 0.003 -25"><span class='ocrx_word' id='word_1_597' title='bbox 190 3200 285 3250; x_wconf 87' lang='lat' dir='ltr'><strong>hiatus</strong></span> <span class='ocrx_word' id='word_1_598' title='bbox 298 3209 341 3252; x_wconf 87' lang='lat' dir='ltr'><strong>ast</strong></span> <span class='ocrx_word' id='word_1_599' title='bbox 355 3203 491 3254; x_wconf 87' lang='lat' dir='ltr'><strong>admissus</strong></span> <span class='ocrx_word' id='word_1_600' title='bbox 503 3207 538 3255; x_wconf 89' lang='lat' dir='ltr'><strong>ab</strong></span> <span class='ocrx_word' id='word_1_601' title='bbox 551 3205 690 3271; x_wconf 88' lang='lat' dir='ltr'><strong>Aeschylo</strong></span> <span class='ocrx_word' id='word_1_602' title='bbox 703 3207 779 3255; x_wconf 82' lang='lat' dir='ltr'><strong>Eum.</strong></span> <span class='ocrx_word' id='word_1_603' title='bbox 792 3208 848 3256; x_wconf 79' lang='lat'><strong>145.</strong></span> <span class='ocrx_word' id='word_1_604' title='bbox 861 3204 988 3270; x_wconf 84' lang='grc' dir='ltr'>δυσαχές,</span> <span class='ocrx_word' id='word_1_605' title='bbox 1003 3203 1026 3256; x_wconf 79' lang='grc' dir='ltr'>ὧ</span> <span class='ocrx_word' id='word_1_606' title='bbox 1054 3207 1082 3254; x_wconf 90' lang='lat' dir='ltr'><strong>in</strong></span> <span class='ocrx_word' id='word_1_607' title='bbox 1099 3205 1182 3270; x_wconf 81' lang='lat' dir='ltr'><strong>longo</strong></span> <span class='ocrx_word' id='word_1_608' title='bbox 1199 3207 1396 3272; x_wconf 86' lang='lat' dir='ltr'><strong>dactylicarum</strong></span> <span class='ocrx_word' id='word_1_609' title='bbox 1403 3221 1537 3266; x_wconf 75' lang='lat' dir='ltr'><strong>¹versuum</strong></span> <span class='ocrx_word' id='word_1_610' title='bbox 1549 3209 1699 3269; x_wconf 87' lang='lat' dir='ltr'><strong>systemate</strong></span> <span class='ocrx_word' id='word_1_611' title='bbox 1717 3203 1772 3254; x_wconf 89' lang='lat' dir='ltr'><strong>sibi</strong></span> <span class='ocrx_word' id='word_1_612' title='bbox 1789 3204 1887 3268; x_wconf 91' lang='lat' dir='ltr'><strong>permi-</strong></span> 
     </span>
     <span class='ocr_line' id='line_1_41' title="bbox 190 3266 1568 3338; baseline 0.004 -20"><span class='ocrx_word' id='word_1_613' title='bbox 190 3266 294 3332; x_wconf 90' lang='grc' dir='ltr'>πόποι,</span> <span class='ocrx_word' id='word_1_614' title='bbox 313 3267 440 3333; x_wconf 77' lang='grc' dir='ltr'>ἄφερτον</span> <span class='ocrx_word' id='word_1_615' title='bbox 450 3271 545 3322; x_wconf 90' lang='grc' dir='ltr'>κακόν.</span> <span class='ocrx_word' id='word_1_616' title='bbox 569 3273 646 3338; x_wconf 78' lang='lat' dir='ltr'><strong>Sept.</strong></span> <span class='ocrx_word' id='word_1_617' title='bbox 660 3275 701 3324; x_wconf 83' lang='lat'><strong>98.</strong></span> <span class='ocrx_word' id='word_1_618' title='bbox 715 3272 836 3338; x_wconf 79' lang='grc' dir='ltr'>μάκαρες</span> <span class='ocrx_word' id='word_1_619' title='bbox 849 3272 967 3338; x_wconf 89' lang='grc' dir='ltr'>εὔεδροι,</span> <span class='ocrx_word' id='word_1_620' title='bbox 980 3271 1025 3325; x_wconf 89' lang='grc' dir='ltr'><strong>άκ-</strong></span> <span class='ocrx_word' id='word_1_621' title='bbox 1054 3273 1091 3322; x_wconf 89' lang='lat' dir='ltr'><strong>sit</strong></span> <span class='ocrx_word' id='word_1_622' title='bbox 1103 3273 1255 3338; x_wconf 82' lang='lat' dir='ltr'><strong>Sophocles</strong></span> <span class='ocrx_word' id='word_1_623' title='bbox 1271 3275 1340 3324; x_wconf 93' lang='lat' dir='ltr'><strong>Oed.</strong></span> <span class='ocrx_word' id='word_1_624' title='bbox 1354 3274 1413 3324; x_wconf 88' lang='lat' dir='ltr'><strong>Col.</strong></span> <span class='ocrx_word' id='word_1_625' title='bbox 1426 3276 1568 3324; x_wconf 81' lang='grc'><strong>229-236.</strong></span> 
     </span>
     <span class='ocr_line' id='line_1_42' title="bbox 192 3332 1886 3406; baseline 0.001 -20"><span class='ocrx_word' id='word_1_626' title='bbox 192 3332 271 3396; x_wconf 86' lang='grc' dir='ltr'>μάζει</span> <span class='ocrx_word' id='word_1_627' title='bbox 284 3335 408 3401; x_wconf 87' lang='grc' dir='ltr'>βρετέων</span> <span class='ocrx_word' id='word_1_628' title='bbox 422 3339 488 3401; x_wconf 87' lang='lat' dir='ltr'><strong>(nisi</strong></span> <span class='ocrx_word' id='word_1_629' title='bbox 500 3340 642 3404; x_wconf 89' lang='lat' dir='ltr'><strong>duplicato</strong></span> <span class='ocrx_word' id='word_1_630' title='bbox 660 3341 731 3405; x_wconf 90' lang='lat' dir='ltr'><strong>quod</strong></span> <span class='ocrx_word' id='word_1_631' title='bbox 748 3343 776 3399; x_wconf 84' lang='lat' dir='ltr'><strong>in</strong></span> <span class='ocrx_word' id='word_1_632' title='bbox 789 3340 882 3392; x_wconf 90' lang='lat' dir='ltr'><strong>codiee</strong></span> <span class='ocrx_word' id='word_1_633' title='bbox 899 3345 964 3392; x_wconf 88' lang='lat' dir='ltr'><strong>ante</strong></span> <span class='ocrx_word' id='word_1_634' title='bbox 977 3339 1027 3404; x_wconf 85' lang='grc' dir='ltr'>μά-</span> <span class='ocrx_word' id='word_1_635' title='bbox 1105 3339 1236 3406; x_wconf 87' lang='lat' dir='ltr'><strong>Sequitur</strong></span> <span class='ocrx_word' id='word_1_636' title='bbox 1247 3347 1279 3392; x_wconf 88' lang='lat' dir='ltr'><strong>ut</strong></span> <span class='ocrx_word' id='word_1_637' title='bbox 1296 3342 1329 3391; x_wconf 90' lang='lat' dir='ltr'><strong>de</strong></span> <span class='ocrx_word' id='word_1_638' title='bbox 1347 3342 1466 3392; x_wconf 88' lang='lat' dir='ltr'><strong>numeris</strong></span> <span class='ocrx_word' id='word_1_639' title='bbox 1484 3341 1593 3392; x_wconf 85' lang='lat' dir='ltr'><strong>dicatur</strong></span> <span class='ocrx_word' id='word_1_640' title='bbox 1611 3341 1657 3406; x_wconf 90' lang='lat' dir='ltr'><strong>qai</strong></span> <span class='ocrx_word' id='word_1_641' title='bbox 1675 3355 1734 3390; x_wconf 91' lang='lat' dir='ltr'><strong>cum</strong></span> <span class='ocrx_word' id='word_1_642' title='bbox 1753 3339 1886 3389; x_wconf 87' lang='lat' dir='ltr'><strong>dochmiia</strong></span> 
     </span>
     <span class='ocr_line' id='line_1_43' title="bbox 190 3405 1886 3475; baseline 0.002 -22"><span class='ocrx_word' id='word_1_643' title='bbox 190 3416 275 3466; x_wconf 89' lang='grc' dir='ltr'>καρες</span> <span class='ocrx_word' id='word_1_644' title='bbox 296 3406 379 3455; x_wconf 88' lang='lat' dir='ltr'><strong>semel</strong></span> <span class='ocrx_word' id='word_1_645' title='bbox 402 3408 534 3472; x_wconf 89' lang='lat' dir='ltr'><strong>scriptam</strong></span> <span class='ocrx_word' id='word_1_646' title='bbox 552 3413 595 3458; x_wconf 90' lang='lat' dir='ltr'><strong>est</strong></span> <span class='ocrx_word' id='word_1_647' title='bbox 615 3405 648 3458; x_wconf 86' lang='grc' dir='ltr'><strong>ίώ</strong></span> <span class='ocrx_word' id='word_1_648' title='bbox 667 3409 720 3460; x_wconf 91' lang='lat' dir='ltr'><strong>dno</strong></span> <span class='ocrx_word' id='word_1_649' title='bbox 737 3414 799 3474; x_wconf 91' lang='lat' dir='ltr'><strong>post</strong></span> <span class='ocrx_word' id='word_1_650' title='bbox 817 3408 924 3474; x_wconf 87' lang='grc' dir='ltr'>εὔεδροι</span> <span class='ocrx_word' id='word_1_651' title='bbox 943 3409 1026 3460; x_wconf 88' lang='lat' dir='ltr'><strong>doeh·</strong></span> <span class='ocrx_word' id='word_1_652' title='bbox 1054 3407 1258 3473; x_wconf 83' lang='lat' dir='ltr'><strong>coniunguntur</strong></span> <span class='ocrx_word' id='word_1_653' title='bbox 1273 3409 1319 3460; x_wconf 81' lang='lat' dir='ltr'><strong>vel</strong></span> <span class='ocrx_word' id='word_1_654' title='bbox 1331 3410 1476 3475; x_wconf 87' lang='lat' dir='ltr'><strong>praemissi</strong></span> <span class='ocrx_word' id='word_1_655' title='bbox 1492 3410 1537 3461; x_wconf 81' lang='lat' dir='ltr'><strong>rel</strong></span> <span class='ocrx_word' id='word_1_656' title='bbox 1552 3409 1637 3460; x_wconf 90' lang='lat' dir='ltr'><strong>medii</strong></span> <span class='ocrx_word' id='word_1_657' title='bbox 1651 3410 1726 3458; x_wconf 91' lang='lat' dir='ltr'><strong>inter</strong></span> <span class='ocrx_word' id='word_1_658' title='bbox 1743 3407 1886 3457; x_wconf 89' lang='lat' dir='ltr'><strong>dochmios</strong></span> 
     </span>
     <span class='ocr_line' id='line_1_44' title="bbox 192 3470 1886 3556; baseline 0.002 -38"><span class='ocrx_word' id='word_1_659' title='bbox 192 3470 239 3519; x_wconf 89' lang='lat' dir='ltr'><strong>mii</strong></span> <span class='ocrx_word' id='word_1_660' title='bbox 259 3473 396 3524; x_wconf 86' lang='lat' dir='ltr'><strong>excidisse</strong></span> <span class='ocrx_word' id='word_1_661' title='bbox 418 3475 535 3539; x_wconf 90' lang='lat' dir='ltr'><strong>putandi</strong></span> <span class='ocrx_word' id='word_1_662' title='bbox 556 3481 632 3534; x_wconf 88' lang='lat' dir='ltr'><strong>eunt,</strong></span> <span class='ocrx_word' id='word_1_663' title='bbox 657 3473 691 3528; x_wconf 88' lang='grc' dir='ltr'><strong>ίὼ</strong></span> <span class='ocrx_word' id='word_1_664' title='bbox 713 3473 748 3527; x_wconf 83' lang='lat' dir='ltr'><strong>ho</strong></span> <span class='ocrx_word' id='word_1_665' title='bbox 773 3473 893 3540; x_wconf 84' lang='grc' dir='ltr'>μάκαρες</span> <span class='ocrx_word' id='word_1_666' title='bbox 918 3475 1026 3541; x_wconf 91' lang='grc' dir='ltr'>εύεδρσι</span> <span class='ocrx_word' id='word_1_667' title='bbox 1054 3477 1138 3554; x_wconf 88' lang='lat' dir='ltr'><strong>positi</strong></span> <span class='ocrx_word' id='word_1_668' title='bbox 1155 3477 1200 3527; x_wconf 90' lang='lat' dir='ltr'><strong>vcl</strong></span> <span class='ocrx_word' id='word_1_669' title='bbox 1217 3477 1246 3526; x_wconf 93' lang='lat' dir='ltr'><strong>in</strong></span> <span class='ocrx_word' id='word_1_670' title='bbox 1263 3476 1316 3527; x_wconf 91' lang='lat' dir='ltr'><strong>fine</strong></span> <span class='ocrx_word' id='word_1_671' title='bbox 1330 3477 1440 3530; x_wconf 87' lang='lat' dir='ltr'><strong>adiecti.</strong></span> <span class='ocrx_word' id='word_1_672' title='bbox 1475 3476 1612 3542; x_wconf 87' lang='lat' dir='ltr'><strong>Acprimo</strong></span> <span class='ocrx_word' id='word_1_673' title='bbox 1629 3475 1886 3556; x_wconf 32' lang='lat' dir='ltr'><strong>quidemudochmiis</strong></span> 
     </span>
     <span class='ocr_line' id='line_1_45' title="bbox 190 3542 1885 3676; baseline 0.002 -22"><span class='ocrx_word' id='word_1_674' title='bbox 190 3543 1025 3676; x_wconf 59' lang='lat' dir='ltr'><strong>estuntaus².thittttttbtttttttttt</strong></span> <span class='ocrx_word' id='word_1_675' title='bbox 1053 3542 1885 3676; x_wconf 64' lang='lat' dir='ltr'><strong>ttttttttttttti:tt‘t&#39;fttttt‘ttlttt&#39;tl</strong></span> 
     </span>
     <span class='ocr_line' id='line_1_46' title="bbox 193 3676 1884 3743; baseline 0 -19"><span class='ocrx_word' id='word_1_676' title='bbox 193 3676 269 3725; x_wconf 78' lang='lat'><strong>1135.</strong></span> <span class='ocrx_word' id='word_1_677' title='bbox 287 3677 360 3726; x_wconf 88' lang='lat' dir='ltr'><strong>inter</strong></span> <span class='ocrx_word' id='word_1_678' title='bbox 377 3678 525 3742; x_wconf 89' lang='lat' dir='ltr'><strong>tripodiam</strong></span> <span class='ocrx_word' id='word_1_679' title='bbox 543 3679 689 3728; x_wconf 83' lang='lat' dir='ltr'><strong>iambicam</strong></span> <span class='ocrx_word' id='word_1_680' title='bbox 707 3684 736 3730; x_wconf 89' lang='lat' dir='ltr'><strong>et</strong></span> <span class='ocrx_word' id='word_1_681' title='bbox 749 3679 902 3729; x_wconf 89' lang='lat' dir='ltr'><strong>dochmium</strong></span> <span class='ocrx_word' id='word_1_682' title='bbox 915 3677 951 3730; x_wconf 82' lang='lat' dir='ltr'><strong>dd</strong></span> <span class='ocrx_word' id='word_1_683' title='bbox 965 3677 1024 3731; x_wconf 88' lang='grc' dir='ltr'>ίόσύ</span> <span class='ocrx_word' id='word_1_684' title='bbox 1052 3679 1217 3730; x_wconf 89' lang='lat' dir='ltr'><strong>carminibus</strong></span> <span class='ocrx_word' id='word_1_685' title='bbox 1230 3680 1440 3743; x_wconf 89' lang='lat' dir='ltr'><strong>antistrophicis</strong></span> <span class='ocrx_word' id='word_1_686' title='bbox 1452 3683 1564 3729; x_wconf 81' lang='lat' dir='ltr'><strong>servata</strong></span> <span class='ocrx_word' id='word_1_687' title='bbox 1575 3679 1764 3743; x_wconf 86' lang='lat' dir='ltr'><strong>responsione,</strong></span> <span class='ocrx_word' id='word_1_688' title='bbox 1779 3678 1826 3741; x_wconf 93' lang='lat' dir='ltr'><strong>qui</strong></span> <span class='ocrx_word' id='word_1_689' title='bbox 1838 3691 1884 3740; x_wconf 89' lang='lat' dir='ltr'><strong>pe·</strong></span> 
     </span>
     <span class='ocr_line' id='line_1_47' title="bbox 189 3737 1884 3812; baseline 0.001 -21"><span class='ocrx_word' id='word_1_690' title='bbox 189 3737 266 3792; x_wconf 83' lang='grc' dir='ltr'>1δού·</span> <span class='ocrx_word' id='word_1_691' title='bbox 286 3742 375 3807; x_wconf 82' lang='grc' dir='ltr'>ἄπεχε</span> <span class='ocrx_word' id='word_1_692' title='bbox 392 3746 443 3806; x_wconf 88' lang='grc' dir='ltr'><strong>τᾱς</strong></span> <span class='ocrx_word' id='word_1_693' title='bbox 460 3745 537 3807; x_wconf 89' lang='grc' dir='ltr'>βοάς·</span> <span class='ocrx_word' id='word_1_694' title='bbox 555 3749 690 3807; x_wconf 82' lang='lat'><strong>(=1114.</strong></span> <span class='ocrx_word' id='word_1_695' title='bbox 707 3745 753 3810; x_wconf 85' lang='grc' dir='ltr'><strong>έὴ,</strong></span> <span class='ocrx_word' id='word_1_696' title='bbox 772 3750 864 3798; x_wconf 81' lang='grc' dir='ltr'>παπαί</span> <span class='ocrx_word' id='word_1_697' title='bbox 876 3750 980 3809; x_wconf 80' lang='grc' dir='ltr'>παπαί,</span> <span class='ocrx_word' id='word_1_698' title='bbox 998 3745 1024 3799; x_wconf 85' lang='grc' dir='ltr'>τί</span> <span class='ocrx_word' id='word_1_699' title='bbox 1053 3748 1101 3798; x_wconf 90' lang='lat' dir='ltr'><strong>des</strong></span> <span class='ocrx_word' id='word_1_700' title='bbox 1120 3762 1202 3812; x_wconf 89' lang='lat' dir='ltr'><strong>qaam</strong></span> <span class='ocrx_word' id='word_1_701' title='bbox 1218 3763 1273 3797; x_wconf 91' lang='lat' dir='ltr'><strong>non</strong></span> <span class='ocrx_word' id='word_1_702' title='bbox 1289 3747 1415 3797; x_wconf 86' lang='lat' dir='ltr'><strong>videatur</strong></span> <span class='ocrx_word' id='word_1_703' title='bbox 1433 3746 1554 3796; x_wconf 89' lang='lat' dir='ltr'><strong>dubitari</strong></span> <span class='ocrx_word' id='word_1_704' title='bbox 1572 3761 1654 3811; x_wconf 88' lang='lat' dir='ltr'><strong>posse</strong></span> <span class='ocrx_word' id='word_1_705' title='bbox 1673 3746 1739 3809; x_wconf 90' lang='lat' dir='ltr'><strong>quin</strong></span> <span class='ocrx_word' id='word_1_706' title='bbox 1755 3745 1839 3794; x_wconf 88' lang='lat' dir='ltr'><strong>ictum</strong></span> <span class='ocrx_word' id='word_1_707' title='bbox 1855 3743 1884 3792; x_wconf 90' lang='lat' dir='ltr'><strong>ia</strong></span> 
     </span>
     <span class='ocr_line' id='line_1_48' title="bbox 189 3808 1885 3880; baseline 0 -21"><span class='ocrx_word' id='word_1_708' title='bbox 189 3808 259 3860; x_wconf 89' lang='grc' dir='ltr'>τόδε</span> <span class='ocrx_word' id='word_1_709' title='bbox 282 3810 454 3878; x_wconf 71' lang='grc' dir='ltr'>φαίνεταις),</span> <span class='ocrx_word' id='word_1_710' title='bbox 475 3818 507 3863; x_wconf 89' lang='lat' dir='ltr'><strong>ut</strong></span> <span class='ocrx_word' id='word_1_711' title='bbox 524 3819 586 3878; x_wconf 90' lang='lat' dir='ltr'><strong>post</strong></span> <span class='ocrx_word' id='word_1_712' title='bbox 610 3813 749 3879; x_wconf 89' lang='lat' dir='ltr'><strong>dipodiam</strong></span> <span class='ocrx_word' id='word_1_713' title='bbox 771 3815 919 3864; x_wconf 86' lang='lat' dir='ltr'><strong>iambicam</strong></span> <span class='ocrx_word' id='word_1_714' title='bbox 937 3813 953 3864; x_wconf 89' lang='grc' dir='ltr'>ό</span> <span class='ocrx_word' id='word_1_715' title='bbox 970 3817 1024 3876; x_wconf 79' lang='grc' dir='ltr'>πός</span> <span class='ocrx_word' id='word_1_716' title='bbox 1053 3816 1139 3880; x_wconf 88' lang='lat' dir='ltr'><strong>prima</strong></span> <span class='ocrx_word' id='word_1_717' title='bbox 1157 3815 1266 3878; x_wconf 86' lang='lat' dir='ltr'><strong>syllaba</strong></span> <span class='ocrx_word' id='word_1_718' title='bbox 1287 3815 1419 3878; x_wconf 88' lang='lat' dir='ltr'><strong>habeant,</strong></span> <span class='ocrx_word' id='word_1_719' title='bbox 1442 3815 1568 3878; x_wconf 87' lang='lat' dir='ltr'><strong>sequitur</strong></span> <span class='ocrx_word' id='word_1_720' title='bbox 1584 3813 1769 3880; x_wconf 88' lang='lat' dir='ltr'><strong>pyrrhichium</strong></span> <span class='ocrx_word' id='word_1_721' title='bbox 1790 3826 1885 3875; x_wconf 89' lang='lat' dir='ltr'><strong>parem</strong></span> 
     </span>
     <span class='ocr_line' id='line_1_49' title="bbox 188 3875 1884 3945; baseline 0.001 -20"><span class='ocrx_word' id='word_1_722' title='bbox 188 3875 251 3941; x_wconf 92' lang='grc' dir='ltr'>έμοί</span> <span class='ocrx_word' id='word_1_723' title='bbox 263 3893 309 3944; x_wconf 85' lang='grc' dir='ltr'>ιιρ.</span> <span class='ocrx_word' id='word_1_724' title='bbox 322 3881 403 3944; x_wconf 81' lang='lat' dir='ltr'><strong>Soph.</strong></span> <span class='ocrx_word' id='word_1_725' title='bbox 415 3881 459 3932; x_wconf 87' lang='lat' dir='ltr'><strong>El.</strong></span> <span class='ocrx_word' id='word_1_726' title='bbox 474 3883 547 3932; x_wconf 87' lang='grc'><strong>1233.</strong></span> <span class='ocrx_word' id='word_1_727' title='bbox 566 3883 690 3944; x_wconf 86' lang='lat' dir='ltr'><strong>sequitur</strong></span> <span class='ocrx_word' id='word_1_728' title='bbox 707 3882 883 3933; x_wconf 83' lang='lat' dir='ltr'><strong>dochmiacae</strong></span> <span class='ocrx_word' id='word_1_729' title='bbox 900 3883 1025 3933; x_wconf 88' lang='lat' dir='ltr'><strong>trimeter</strong></span> <span class='ocrx_word' id='word_1_730' title='bbox 1053 3899 1113 3933; x_wconf 90' lang='lat' dir='ltr'><strong>essa</strong></span> <span class='ocrx_word' id='word_1_731' title='bbox 1127 3885 1185 3932; x_wconf 89' lang='lat' dir='ltr'><strong>arsi</strong></span> <span class='ocrx_word' id='word_1_732' title='bbox 1198 3882 1369 3944; x_wconf 85' lang='lat' dir='ltr'><strong>trochaicae,</strong></span> <span class='ocrx_word' id='word_1_733' title='bbox 1387 3882 1554 3933; x_wconf 88' lang='lat' dir='ltr'><strong>tribrachum</strong></span> <span class='ocrx_word' id='word_1_734' title='bbox 1566 3881 1712 3944; x_wconf 87' lang='lat' dir='ltr'><strong>trochaeo,</strong></span> <span class='ocrx_word' id='word_1_735' title='bbox 1726 3879 1884 3945; x_wconf 89' lang='lat' dir='ltr'><strong>proceleus-</strong></span> 
     </span>
     <span class='ocr_line' id='line_1_50' title="bbox 189 3941 1884 4015; baseline -0.001 -21"><span class='ocrx_word' id='word_1_736' title='bbox 189 3946 225 3994; x_wconf 85' lang='lat' dir='ltr'><strong>ab</strong></span> <span class='ocrx_word' id='word_1_737' title='bbox 244 3941 328 4005; x_wconf 82' lang='grc' dir='ltr'>ὁπός</span> <span class='ocrx_word' id='word_1_738' title='bbox 340 3945 376 3998; x_wconf 85' lang='grc' dir='ltr'><strong>ἂν</strong></span> <span class='ocrx_word' id='word_1_739' title='bbox 392 3949 534 4014; x_wconf 88' lang='lat' dir='ltr'><strong>incipiens.</strong></span> <span class='ocrx_word' id='word_1_740' title='bbox 571 3949 651 4014; x_wconf 88' lang='lat' dir='ltr'><strong>Apud</strong></span> <span class='ocrx_word' id='word_1_741' title='bbox 669 3950 764 4014; x_wconf 90' lang='lat' dir='ltr'><strong>Eurip.</strong></span> <span class='ocrx_word' id='word_1_742' title='bbox 783 3949 829 4002; x_wconf 92' lang='lat' dir='ltr'><strong>Or.</strong></span> <span class='ocrx_word' id='word_1_743' title='bbox 843 3952 916 4001; x_wconf 83' lang='grc'><strong>1637.</strong></span> <span class='ocrx_word' id='word_1_744' title='bbox 935 3947 969 4000; x_wconf 82' lang='lat' dir='ltr'><strong>hb</strong></span> <span class='ocrx_word' id='word_1_745' title='bbox 988 3947 1022 4002; x_wconf 86' lang='grc' dir='ltr'><strong>ίὼ</strong></span> <span class='ocrx_word' id='word_1_746' title='bbox 1052 3949 1316 4015; x_wconf 88' lang='lat' dir='ltr'><strong>matiaumdactylo.</strong></span> <span class='ocrx_word' id='word_1_747' title='bbox 1351 3950 1506 4015; x_wconf 88' lang='lat' dir='ltr'><strong>Pyrrhichil</strong></span> <span class='ocrx_word' id='word_1_748' title='bbox 1519 3950 1573 3999; x_wconf 92' lang='lat' dir='ltr'><strong>duo</strong></span> <span class='ocrx_word' id='word_1_749' title='bbox 1592 3955 1700 4000; x_wconf 88' lang='lat' dir='ltr'><strong>tantam</strong></span> <span class='ocrx_word' id='word_1_750' title='bbox 1717 3964 1777 3998; x_wconf 86' lang='lat' dir='ltr'><strong>carn</strong></span> <span class='ocrx_word' id='word_1_751' title='bbox 1791 3947 1884 4012; x_wconf 89' lang='lat' dir='ltr'><strong>aliqua</strong></span> 
     </span>
     <span class='ocr_line' id='line_1_51' title="bbox 186 4011 1884 4083; baseline 0.001 -21"><span class='ocrx_word' id='word_1_752' title='bbox 186 4011 275 4076; x_wconf 88' lang='grc' dir='ltr'>τύχα,</span> <span class='ocrx_word' id='word_1_753' title='bbox 289 4012 388 4078; x_wconf 84' lang='grc' dir='ltr'>ἕτερον</span> <span class='ocrx_word' id='word_1_754' title='bbox 401 4012 440 4076; x_wconf 91' lang='grc' dir='ltr'><strong>είς</strong></span> <span class='ocrx_word' id='word_1_755' title='bbox 452 4013 541 4078; x_wconf 82' lang='grc' dir='ltr'>ἀγῶν’</span> <span class='ocrx_word' id='word_1_756' title='bbox 553 4014 652 4080; x_wconf 84' lang='grc' dir='ltr'>ἕτερον</span> <span class='ocrx_word' id='word_1_757' title='bbox 664 4015 699 4067; x_wconf 82' lang='grc' dir='ltr'><strong>αὖ</strong></span> <span class='ocrx_word' id='word_1_758' title='bbox 712 4015 805 4079; x_wconf 91' lang='grc' dir='ltr'>δόμος,</span> <span class='ocrx_word' id='word_1_759' title='bbox 820 4032 901 4082; x_wconf 90' lang='lat' dir='ltr'><strong>qaam</strong></span> <span class='ocrx_word' id='word_1_760' title='bbox 913 4018 942 4066; x_wconf 90' lang='lat' dir='ltr'><strong>in</strong></span> <span class='ocrx_word' id='word_1_761' title='bbox 955 4024 1023 4068; x_wconf 88' lang='lat' dir='ltr'><strong>stro·</strong></span> <span class='ocrx_word' id='word_1_762' title='bbox 1051 4018 1111 4069; x_wconf 83' lang='lat' dir='ltr'><strong>reri</strong></span> <span class='ocrx_word' id='word_1_763' title='bbox 1123 4019 1218 4083; x_wconf 88' lang='lat' dir='ltr'><strong>speeie</strong></span> <span class='ocrx_word' id='word_1_764' title='bbox 1231 4017 1326 4068; x_wconf 83' lang='lat' dir='ltr'><strong>afferri</strong></span> <span class='ocrx_word' id='word_1_765' title='bbox 1341 4023 1457 4082; x_wconf 88' lang='lat' dir='ltr'><strong>possunt</strong></span> <span class='ocrx_word' id='word_1_766' title='bbox 1474 4018 1601 4082; x_wconf 89' lang='lat' dir='ltr'><strong>exempla</strong></span> <span class='ocrx_word' id='word_1_767' title='bbox 1618 4016 1758 4081; x_wconf 86' lang='lat' dir='ltr'><strong>Euripidis</strong></span> <span class='ocrx_word' id='word_1_768' title='bbox 1775 4031 1808 4065; x_wconf 84' lang='lat' dir='ltr'><strong>ex</strong></span> <span class='ocrx_word' id='word_1_769' title='bbox 1826 4029 1884 4063; x_wconf 91' lang='lat' dir='ltr'><strong>car·</strong></span> 
     </span>
     <span class='ocr_line' id='line_1_52' title="bbox 187 4079 1883 4150; baseline 0.001 -22"><span class='ocrx_word' id='word_1_770' title='bbox 187 4079 244 4144; x_wconf 88' lang='lat' dir='ltr'><strong>pha</strong></span> <span class='ocrx_word' id='word_1_771' title='bbox 258 4084 333 4132; x_wconf 85' lang='grc'><strong>1337.</strong></span> <span class='ocrx_word' id='word_1_772' title='bbox 351 4084 437 4133; x_wconf 84' lang='lat' dir='ltr'><strong>verba</strong></span> <span class='ocrx_word' id='word_1_773' title='bbox 455 4079 489 4134; x_wconf 87' lang='grc' dir='ltr'><strong>ίὼ</strong></span> <span class='ocrx_word' id='word_1_774' title='bbox 509 4080 542 4134; x_wconf 80' lang='grc' dir='ltr'><strong>ἰὼ</strong></span> <span class='ocrx_word' id='word_1_775' title='bbox 560 4082 639 4147; x_wconf 90' lang='grc' dir='ltr'>φίλαι</span> <span class='ocrx_word' id='word_1_776' title='bbox 656 4085 798 4150; x_wconf 82' lang='lat' dir='ltr'><strong>legantur,</strong></span> <span class='ocrx_word' id='word_1_777' title='bbox 820 4085 889 4134; x_wconf 91' lang='lat' dir='ltr'><strong>nihil</strong></span> <span class='ocrx_word' id='word_1_778' title='bbox 906 4086 1024 4150; x_wconf 90' lang='lat' dir='ltr'><strong>impedit</strong></span> <span class='ocrx_word' id='word_1_779' title='bbox 1051 4087 1169 4137; x_wconf 89' lang='lat' dir='ltr'><strong>minibus</strong></span> <span class='ocrx_word' id='word_1_780' title='bbox 1186 4101 1241 4136; x_wconf 89' lang='lat' dir='ltr'><strong>non</strong></span> <span class='ocrx_word' id='word_1_781' title='bbox 1258 4085 1479 4150; x_wconf 87' lang='lat' dir='ltr'><strong>antistrophicis,</strong></span> <span class='ocrx_word' id='word_1_782' title='bbox 1499 4085 1599 4138; x_wconf 89' lang='lat' dir='ltr'><strong>Bacch.</strong></span> <span class='ocrx_word' id='word_1_783' title='bbox 1614 4085 1687 4134; x_wconf 85' lang='grc'><strong>1164.</strong></span> <span class='ocrx_word' id='word_1_784' title='bbox 1706 4081 1791 4143; x_wconf 89' lang='grc' dir='ltr'>καλός</span> <span class='ocrx_word' id='word_1_785' title='bbox 1804 4079 1883 4143; x_wconf 87' lang='grc' dir='ltr'>ἀγὼν</span> 
     </span>
     <span class='ocr_line' id='line_1_53' title="bbox 187 4150 1884 4218; baseline 0.001 -21"><span class='ocrx_word' id='word_1_786' title='bbox 187 4152 334 4212; x_wconf 88' lang='lat' dir='ltr'><strong>quominus</strong></span> <span class='ocrx_word' id='word_1_787' title='bbox 357 4166 406 4200; x_wconf 86' lang='lat' dir='ltr'><strong>sex</strong></span> <span class='ocrx_word' id='word_1_788' title='bbox 423 4154 526 4216; x_wconf 88' lang='lat' dir='ltr'><strong>primae</strong></span> <span class='ocrx_word' id='word_1_789' title='bbox 544 4152 669 4216; x_wconf 86' lang='lat' dir='ltr'><strong>syllabae</strong></span> <span class='ocrx_word' id='word_1_790' title='bbox 691 4168 740 4217; x_wconf 88' lang='lat' dir='ltr'><strong>pro</strong></span> <span class='ocrx_word' id='word_1_791' title='bbox 762 4153 884 4218; x_wconf 86' lang='lat' dir='ltr'><strong>tripodis</strong></span> <span class='ocrx_word' id='word_1_792' title='bbox 905 4154 1024 4203; x_wconf 89' lang='lat' dir='ltr'><strong>iambica</strong></span> <span class='ocrx_word' id='word_1_793' title='bbox 1051 4153 1081 4204; x_wconf 89' lang='grc' dir='ltr'>έν</span> <span class='ocrx_word' id='word_1_794' title='bbox 1091 4151 1186 4216; x_wconf 86' lang='grc' dir='ltr'>αἵματι</span> <span class='ocrx_word' id='word_1_795' title='bbox 1197 4151 1355 4205; x_wconf 82' lang='grc' dir='ltr'>στάζουσαν</span> <span class='ocrx_word' id='word_1_796' title='bbox 1371 4151 1375 4216; x_wconf 78' lang='grc' dir='ltr'>Ι</span> <span class='ocrx_word' id='word_1_797' title='bbox 1391 4152 1458 4217; x_wconf 91' lang='grc' dir='ltr'>χέρα</span> <span class='ocrx_word' id='word_1_798' title='bbox 1471 4153 1630 4216; x_wconf 81' lang='grc' dir='ltr'>περιβαλεῖν</span> <span class='ocrx_word' id='word_1_799' title='bbox 1641 4151 1753 4202; x_wconf 91' lang='grc' dir='ltr'>τέκνον.</span> <span class='ocrx_word' id='word_1_800' title='bbox 1781 4150 1884 4199; x_wconf 89' lang='lat' dir='ltr'><strong>Phoen.</strong></span> 
     </span>
     <span class='ocr_line' id='line_1_54' title="bbox 187 4216 1885 4284; baseline 0.001 -20"><span class='ocrx_word' id='word_1_801' title='bbox 187 4216 282 4280; x_wconf 88' lang='lat' dir='ltr'><strong>potius</strong></span> <span class='ocrx_word' id='word_1_802' title='bbox 303 4217 456 4268; x_wconf 89' lang='lat' dir='ltr'><strong>habeantur</strong></span> <span class='ocrx_word' id='word_1_803' title='bbox 477 4235 556 4284; x_wconf 87' lang='lat' dir='ltr'><strong>qaam</strong></span> <span class='ocrx_word' id='word_1_804' title='bbox 578 4236 627 4284; x_wconf 92' lang='lat' dir='ltr'><strong>pro</strong></span> <span class='ocrx_word' id='word_1_805' title='bbox 648 4219 783 4271; x_wconf 80' lang='lat' dir='ltr'><strong>dochmin</strong></span> <span class='ocrx_word' id='word_1_806' title='bbox 818 4219 958 4270; x_wconf 89' lang='lat' dir='ltr'><strong>Incertam</strong></span> <span class='ocrx_word' id='word_1_807' title='bbox 981 4226 1024 4271; x_wconf 90' lang='lat' dir='ltr'><strong>est</strong></span> <span class='ocrx_word' id='word_1_808' title='bbox 1052 4223 1107 4271; x_wconf 91' lang='grc'><strong>104.</strong></span> <span class='ocrx_word' id='word_1_809' title='bbox 1120 4220 1189 4284; x_wconf 80' lang='grc' dir='ltr'>χεῖρ’</span> <span class='ocrx_word' id='word_1_810' title='bbox 1201 4219 1257 4272; x_wconf 88' lang='grc' dir='ltr'><strong>άπὸ</strong></span> <span class='ocrx_word' id='word_1_811' title='bbox 1269 4218 1413 4284; x_wconf 90' lang='grc' dir='ltr'>κλιμάκων</span> <span class='ocrx_word' id='word_1_812' title='bbox 1427 4219 1513 4281; x_wconf 89' lang='grc' dir='ltr'>ποδός</span> <span class='ocrx_word' id='word_1_813' title='bbox 1525 4219 1602 4284; x_wconf 90' lang='grc' dir='ltr'>ίχνος</span> <span class='ocrx_word' id='word_1_814' title='bbox 1611 4217 1801 4272; x_wconf 85' lang='grc' dir='ltr'>ἐπαντέλλων.</span> <span class='ocrx_word' id='word_1_815' title='bbox 1819 4218 1885 4267; x_wconf 88' lang='lat' dir='ltr'><strong>Pro-</strong></span> 
     </span>
     <span class='ocr_line' id='line_1_55' title="bbox 187 4283 1882 4354; baseline 0.001 -22"><span class='ocrx_word' id='word_1_816' title='bbox 187 4283 342 4348; x_wconf 82' lang='lat' dir='ltr'><strong>cxemplum</strong></span> <span class='ocrx_word' id='word_1_817' title='bbox 360 4286 443 4350; x_wconf 87' lang='lat' dir='ltr'><strong>Soph.</strong></span> <span class='ocrx_word' id='word_1_818' title='bbox 461 4286 530 4339; x_wconf 91' lang='lat' dir='ltr'><strong>Oed.</strong></span> <span class='ocrx_word' id='word_1_819' title='bbox 547 4287 578 4337; x_wconf 85' lang='lat' dir='ltr'><strong>R.</strong></span> <span class='ocrx_word' id='word_1_820' title='bbox 593 4291 666 4342; x_wconf 86' lang='grc'><strong>1341.</strong></span> <span class='ocrx_word' id='word_1_821' title='bbox 684 4286 803 4350; x_wconf 84' lang='grc' dir='ltr'>άπάγετ’</span> <span class='ocrx_word' id='word_1_822' title='bbox 818 4284 953 4339; x_wconf 80' lang='grc' dir='ltr'>ἐκτόπιον</span> <span class='ocrx_word' id='word_1_823' title='bbox 969 4287 1023 4339; x_wconf 88' lang='grc' dir='ltr'><strong>ότι</strong></span> <span class='ocrx_word' id='word_1_824' title='bbox 1052 4289 1170 4339; x_wconf 90' lang='lat' dir='ltr'><strong>babilior</strong></span> <span class='ocrx_word' id='word_1_825' title='bbox 1187 4293 1231 4338; x_wconf 90' lang='lat' dir='ltr'><strong>est</strong></span> <span class='ocrx_word' id='word_1_826' title='bbox 1248 4289 1403 4340; x_wconf 85' lang='lat' dir='ltr'><strong>tribrachus</strong></span> <span class='ocrx_word' id='word_1_827' title='bbox 1421 4288 1493 4354; x_wconf 84' lang='lat' dir='ltr'><strong>apud</strong></span> <span class='ocrx_word' id='word_1_828' title='bbox 1509 4290 1575 4339; x_wconf 82' lang='lat' dir='ltr'><strong>Eur.</strong></span> <span class='ocrx_word' id='word_1_829' title='bbox 1594 4288 1696 4338; x_wconf 88' lang='lat' dir='ltr'><strong>Phoen.</strong></span> <span class='ocrx_word' id='word_1_830' title='bbox 1710 4287 1785 4337; x_wconf 90' lang='grc'><strong>1288.</strong></span> <span class='ocrx_word' id='word_1_831' title='bbox 1803 4283 1882 4345; x_wconf 84' lang='grc' dir='ltr'>ἔλεος</span> 
     </span>
     <span class='ocr_line' id='line_1_56' title="bbox 186 4350 1884 4421; baseline 0.001 -21"><span class='ocrx_word' id='word_1_832' title='bbox 186 4350 308 4414; x_wconf 86' lang='grc' dir='ltr'>τάχιστα</span> <span class='ocrx_word' id='word_1_833' title='bbox 325 4366 370 4414; x_wconf 84' lang='grc' dir='ltr'><strong>με.</strong></span> <span class='ocrx_word' id='word_1_834' title='bbox 398 4355 402 4418; x_wconf 96' lang='grc' dir='ltr'>Ι</span> <span class='ocrx_word' id='word_1_835' title='bbox 429 4351 558 4418; x_wconf 85' lang='grc' dir='ltr'>όπάγετ’,</span> <span class='ocrx_word' id='word_1_836' title='bbox 577 4351 600 4405; x_wconf 80' lang='grc' dir='ltr'>ὡ</span> <span class='ocrx_word' id='word_1_837' title='bbox 618 4353 703 4418; x_wconf 91' lang='grc' dir='ltr'>φίλοι.</span> <span class='ocrx_word' id='word_1_838' title='bbox 727 4356 776 4405; x_wconf 88' lang='lat' dir='ltr'><strong>ubi</strong></span> <span class='ocrx_word' id='word_1_839' title='bbox 794 4356 964 4420; x_wconf 85' lang='lat' dir='ltr'><strong>probabilius</strong></span> <span class='ocrx_word' id='word_1_840' title='bbox 981 4362 1023 4406; x_wconf 92' lang='lat' dir='ltr'><strong>est</strong></span> <span class='ocrx_word' id='word_1_841' title='bbox 1050 4355 1129 4417; x_wconf 87' lang='grc' dir='ltr'>έλεος</span> <span class='ocrx_word' id='word_1_842' title='bbox 1146 4355 1229 4418; x_wconf 83' lang='grc' dir='ltr'>ἔμολε</span> <span class='ocrx_word' id='word_1_843' title='bbox 1246 4354 1364 4420; x_wconf 90' lang='grc' dir='ltr'>ματέρος</span> <span class='ocrx_word' id='word_1_844' title='bbox 1381 4353 1503 4417; x_wconf 80' lang='grc' dir='ltr'>δειλαίας</span> <span class='ocrx_word' id='word_1_845' title='bbox 1522 4353 1527 4421; x_wconf 83' lang='lat' dir='ltr'><strong>l</strong></span> <span class='ocrx_word' id='word_1_846' title='bbox 1548 4354 1646 4418; x_wconf 87' lang='grc' dir='ltr'>δίδυμα</span> <span class='ocrx_word' id='word_1_847' title='bbox 1661 4353 1745 4404; x_wconf 85' lang='grc' dir='ltr'>τέκεα</span> <span class='ocrx_word' id='word_1_848' title='bbox 1763 4350 1884 4415; x_wconf 89' lang='grc' dir='ltr'>πότερος</span> 
     </span>
     <span class='ocr_line' id='line_1_57' title="bbox 186 4419 1883 4489; baseline 0.001 -21"><span class='ocrx_word' id='word_1_849' title='bbox 186 4431 298 4483; x_wconf 80' lang='lat' dir='ltr'><strong>poetam</strong></span> <span class='ocrx_word' id='word_1_850' title='bbox 311 4421 469 4486; x_wconf 88' lang='lat' dir='ltr'><strong>scripsisse,</strong></span> <span class='ocrx_word' id='word_1_851' title='bbox 487 4427 519 4472; x_wconf 89' lang='lat' dir='ltr'><strong>ut</strong></span> <span class='ocrx_word' id='word_1_852' title='bbox 536 4423 565 4472; x_wconf 90' lang='lat' dir='ltr'><strong>in</strong></span> <span class='ocrx_word' id='word_1_853' title='bbox 578 4425 758 4474; x_wconf 87' lang='lat' dir='ltr'><strong>annotatione</strong></span> <span class='ocrx_word' id='word_1_854' title='bbox 772 4423 843 4485; x_wconf 87' lang='lat' dir='ltr'><strong>dixi,</strong></span> <span class='ocrx_word' id='word_1_855' title='bbox 861 4419 981 4485; x_wconf 82' lang='grc' dir='ltr'>απάγετ’</span> <span class='ocrx_word' id='word_1_856' title='bbox 992 4421 1024 4474; x_wconf 83' lang='grc' dir='ltr'><strong>ἐκ</strong></span> <span class='ocrx_word' id='word_1_857' title='bbox 1051 4422 1104 4489; x_wconf 80' lang='grc' dir='ltr'><strong>ἄρα</strong></span> <span class='ocrx_word' id='word_1_858' title='bbox 1120 4422 1262 4488; x_wconf 90' lang='grc' dir='ltr'>πρότερον</span> <span class='ocrx_word' id='word_1_859' title='bbox 1279 4423 1398 4487; x_wconf 85' lang='grc' dir='ltr'>αίμάξει,</span> <span class='ocrx_word' id='word_1_860' title='bbox 1416 4425 1464 4474; x_wconf 92' lang='lat' dir='ltr'><strong>ubi</strong></span> <span class='ocrx_word' id='word_1_861' title='bbox 1479 4424 1627 4476; x_wconf 88' lang='lat' dir='ltr'><strong>tribrachis</strong></span> <span class='ocrx_word' id='word_1_862' title='bbox 1643 4421 1722 4482; x_wconf 84' lang='grc' dir='ltr'>ἔλεος</span> <span class='ocrx_word' id='word_1_863' title='bbox 1739 4426 1767 4471; x_wconf 90' lang='lat' dir='ltr'><strong>et</strong></span> <span class='ocrx_word' id='word_1_864' title='bbox 1784 4419 1883 4483; x_wconf 86' lang='grc' dir='ltr'>δίδυμα</span> 
     </span>
     <span class='ocr_line' id='line_1_58' title="bbox 184 4485 1883 4557; baseline 0.002 -22"><span class='ocrx_word' id='word_1_865' title='bbox 184 4485 290 4537; x_wconf 88' lang='grc' dir='ltr'>τόπων</span> <span class='ocrx_word' id='word_1_866' title='bbox 302 4487 330 4549; x_wconf 79' lang='grc' dir='ltr'>μ’</span> <span class='ocrx_word' id='word_1_867' title='bbox 342 4487 386 4538; x_wconf 83' lang='grc' dir='ltr'><strong>ὅτι</strong></span> <span class='ocrx_word' id='word_1_868' title='bbox 402 4487 520 4553; x_wconf 87' lang='grc' dir='ltr'>τάχιστα</span> <span class='ocrx_word' id='word_1_869' title='bbox 532 4489 627 4540; x_wconf 82' lang='grc' dir='ltr'>τῶνδ’.</span> <span class='ocrx_word' id='word_1_870' title='bbox 662 4491 758 4556; x_wconf 82' lang='lat' dir='ltr'><strong>Eurip.</strong></span> <span class='ocrx_word' id='word_1_871' title='bbox 772 4489 871 4540; x_wconf 88' lang='lat' dir='ltr'><strong>Bacch.</strong></span> <span class='ocrx_word' id='word_1_872' title='bbox 890 4494 1023 4556; x_wconf 70' lang='lat' dir='ltr'><strong>pastilli.</strong></span> <span class='ocrx_word' id='word_1_873' title='bbox 1051 4493 1079 4541; x_wconf 90' lang='lat' dir='ltr'><strong>in</strong></span> <span class='ocrx_word' id='word_1_874' title='bbox 1093 4492 1266 4557; x_wconf 87' lang='lat' dir='ltr'><strong>antistropha</strong></span> <span class='ocrx_word' id='word_1_875' title='bbox 1279 4494 1354 4542; x_wconf 87' lang='grc'><strong>1299.</strong></span> <span class='ocrx_word' id='word_1_876' title='bbox 1369 4495 1442 4545; x_wconf 88' lang='grc'><strong>1300.</strong></span> <span class='ocrx_word' id='word_1_877' title='bbox 1462 4491 1628 4556; x_wconf 85' lang='lat' dir='ltr'><strong>respondent</strong></span> <span class='ocrx_word' id='word_1_878' title='bbox 1643 4488 1776 4540; x_wconf 88' lang='lat' dir='ltr'><strong>tribrachi</strong></span> <span class='ocrx_word' id='word_1_879' title='bbox 1793 4485 1883 4539; x_wconf 84' lang='grc' dir='ltr'>πέσεα</span> 
     </span>
     <span class='ocr_line' id='line_1_59' title="bbox 186 4551 1883 4624; baseline 0.001 -20"><span class='ocrx_word' id='word_1_880' title='bbox 186 4551 290 4606; x_wconf 84' lang='grc' dir='ltr'>θίασον</span> <span class='ocrx_word' id='word_1_881' title='bbox 307 4553 365 4606; x_wconf 81' lang='lat' dir='ltr'><strong>tvs’</strong></span> <span class='ocrx_word' id='word_1_882' title='bbox 376 4555 470 4620; x_wconf 82' lang='grc' dir='ltr'>ἔχουσι</span> <span class='ocrx_word' id='word_1_883' title='bbox 484 4555 593 4618; x_wconf 85' lang='grc' dir='ltr'>Κάδμου</span> <span class='ocrx_word' id='word_1_884' title='bbox 611 4556 691 4623; x_wconf 88' lang='grc' dir='ltr'>κόραι</span> <span class='ocrx_word' id='word_1_885' title='bbox 708 4557 881 4609; x_wconf 82' lang='lat' dir='ltr'><strong>dochmiacae</strong></span> <span class='ocrx_word' id='word_1_886' title='bbox 900 4559 1025 4608; x_wconf 86' lang='lat' dir='ltr'><strong>trimeter</strong></span> <span class='ocrx_word' id='word_1_887' title='bbox 1052 4563 1080 4608; x_wconf 91' lang='lat' dir='ltr'><strong>et</strong></span> <span class='ocrx_word' id='word_1_888' title='bbox 1095 4557 1224 4620; x_wconf 87' lang='grc' dir='ltr'>τάλανες.</span> <span class='ocrx_word' id='word_1_889' title='bbox 1260 4559 1411 4624; x_wconf 88' lang='lat' dir='ltr'><strong>Aliquanto</strong></span> <span class='ocrx_word' id='word_1_890' title='bbox 1430 4559 1620 4624; x_wconf 82' lang='lat' dir='ltr'><strong>frequentiora</strong></span> <span class='ocrx_word' id='word_1_891' title='bbox 1642 4563 1706 4608; x_wconf 90' lang='lat' dir='ltr'><strong>sunt</strong></span> <span class='ocrx_word' id='word_1_892' title='bbox 1726 4557 1883 4621; x_wconf 87' lang='lat' dir='ltr'><strong>proceleus-</strong></span> 
     </span>
     <span class='ocr_line' id='line_1_60' title="bbox 185 4623 1882 4692; baseline 0 -20"><span class='ocrx_word' id='word_1_893' title='bbox 185 4623 316 4686; x_wconf 89' lang='lat' dir='ltr'><strong>sequitur</strong></span> <span class='ocrx_word' id='word_1_894' title='bbox 337 4626 371 4675; x_wconf 91' lang='lat' dir='ltr'><strong>ab</strong></span> <span class='ocrx_word' id='word_1_895' title='bbox 393 4623 600 4688; x_wconf 84' lang='grc' dir='ltr'>ἀνσιστρὴσατε</span> <span class='ocrx_word' id='word_1_896' title='bbox 622 4626 767 4692; x_wconf 88' lang='lat' dir='ltr'><strong>incipiens.</strong></span> <span class='ocrx_word' id='word_1_897' title='bbox 809 4625 936 4676; x_wconf 87' lang='lat' dir='ltr'><strong>Certiora</strong></span> <span class='ocrx_word' id='word_1_898' title='bbox 960 4633 1024 4677; x_wconf 90' lang='lat' dir='ltr'><strong>sunt</strong></span> <span class='ocrx_word' id='word_1_899' title='bbox 1050 4627 1145 4677; x_wconf 89' lang='lat' dir='ltr'><strong>matici</strong></span> <span class='ocrx_word' id='word_1_900' title='bbox 1164 4627 1304 4692; x_wconf 86' lang='lat' dir='ltr'><strong>exempla,</strong></span> <span class='ocrx_word' id='word_1_901' title='bbox 1324 4634 1356 4677; x_wconf 91' lang='lat' dir='ltr'><strong>at</strong></span> <span class='ocrx_word' id='word_1_902' title='bbox 1374 4627 1447 4691; x_wconf 91' lang='lat' dir='ltr'><strong>apud</strong></span> <span class='ocrx_word' id='word_1_903' title='bbox 1465 4627 1627 4691; x_wconf 83' lang='lat' dir='ltr'><strong>Sophoclem</strong></span> <span class='ocrx_word' id='word_1_904' title='bbox 1643 4625 1712 4675; x_wconf 90' lang='lat' dir='ltr'><strong>Oed.</strong></span> <span class='ocrx_word' id='word_1_905' title='bbox 1730 4623 1788 4674; x_wconf 82' lang='lat' dir='ltr'><strong>Col.</strong></span> <span class='ocrx_word' id='word_1_906' title='bbox 1807 4626 1882 4673; x_wconf 83' lang='grc'><strong>1447.</strong></span> 
     </span>
     <span class='ocr_line' id='line_1_61' title="bbox 186 4687 1881 4758; baseline 0.001 -20"><span class='ocrx_word' id='word_1_907' title='bbox 186 4689 314 4755; x_wconf 84' lang='lat' dir='ltr'><strong>syllabae</strong></span> <span class='ocrx_word' id='word_1_908' title='bbox 333 4693 465 4758; x_wconf 89' lang='lat' dir='ltr'><strong>ancipitis</strong></span> <span class='ocrx_word' id='word_1_909' title='bbox 484 4693 622 4758; x_wconf 85' lang='lat' dir='ltr'><strong>exempla,</strong></span> <span class='ocrx_word' id='word_1_910' title='bbox 642 4701 673 4744; x_wconf 91' lang='lat' dir='ltr'><strong>nt</strong></span> <span class='ocrx_word' id='word_1_911' title='bbox 690 4710 735 4758; x_wconf 91' lang='lat' dir='ltr'><strong>ap.</strong></span> <span class='ocrx_word' id='word_1_912' title='bbox 747 4694 846 4744; x_wconf 85' lang='lat' dir='ltr'><strong>Aesch.</strong></span> <span class='ocrx_word' id='word_1_913' title='bbox 863 4693 952 4744; x_wconf 89' lang='lat' dir='ltr'><strong>Prom.</strong></span> <span class='ocrx_word' id='word_1_914' title='bbox 966 4696 1023 4744; x_wconf 81' lang='grc'><strong>678.</strong></span> <span class='ocrx_word' id='word_1_915' title='bbox 1050 4693 1100 4746; x_wconf 89' lang='grc' dir='ltr'><strong>νέα</strong></span> <span class='ocrx_word' id='word_1_916' title='bbox 1112 4693 1179 4745; x_wconf 90' lang='grc' dir='ltr'>τάδε</span> <span class='ocrx_word' id='word_1_917' title='bbox 1191 4693 1292 4745; x_wconf 90' lang='grc' dir='ltr'>νεόθεν</span> <span class='ocrx_word' id='word_1_918' title='bbox 1309 4693 1379 4758; x_wconf 83' lang='grc' dir='ltr'>ῆλθέ</span> <span class='ocrx_word' id='word_1_919' title='bbox 1390 4709 1436 4757; x_wconf 91' lang='grc' dir='ltr'><strong>μοι</strong></span> <span class='ocrx_word' id='word_1_920' title='bbox 1445 4713 1480 4738; x_wconf 87' lang='lat'>=</span> <span class='ocrx_word' id='word_1_921' title='bbox 1490 4695 1563 4744; x_wconf 87' lang='grc'><strong>1462.</strong></span> <span class='ocrx_word' id='word_1_922' title='bbox 1576 4691 1618 4744; x_wconf 92' lang='grc' dir='ltr'><strong>ίδε</strong></span> <span class='ocrx_word' id='word_1_923' title='bbox 1631 4691 1704 4754; x_wconf 88' lang='grc' dir='ltr'>μάλα</span> <span class='ocrx_word' id='word_1_924' title='bbox 1716 4689 1802 4753; x_wconf 84' lang='grc' dir='ltr'>μέγας</span> <span class='ocrx_word' id='word_1_925' title='bbox 1814 4687 1881 4755; x_wconf 72' lang='lat' dir='ltr'><strong>ipsi-</strong></span> 
     </span>
     <span class='ocr_line' id='line_1_62' title="bbox 185 4756 1883 4826; baseline 0.001 -20"><span class='ocrx_word' id='word_1_926' title='bbox 185 4756 351 4810; x_wconf 82' lang='grc' dir='ltr'>ὑπνοδόταν</span> <span class='ocrx_word' id='word_1_927' title='bbox 362 4759 459 4823; x_wconf 92' lang='grc' dir='ltr'>νόμον.</span> <span class='ocrx_word' id='word_1_928' title='bbox 477 4757 511 4811; x_wconf 86' lang='lat' dir='ltr'><strong>hb</strong></span> <span class='ocrx_word' id='word_1_929' title='bbox 529 4758 564 4812; x_wconf 84' lang='grc' dir='ltr'><strong>ἰὼ</strong></span> <span class='ocrx_word' id='word_1_930' title='bbox 578 4760 674 4812; x_wconf 89' lang='grc' dir='ltr'>πόποι.</span> <span class='ocrx_word' id='word_1_931' title='bbox 688 4760 734 4826; x_wconf 92' lang='lat'><strong>(=</strong></span> <span class='ocrx_word' id='word_1_932' title='bbox 745 4762 803 4811; x_wconf 82' lang='grc'><strong>594.</strong></span> <span class='ocrx_word' id='word_1_933' title='bbox 815 4763 851 4826; x_wconf 80' lang='grc' dir='ltr'>τᾷ</span> <span class='ocrx_word' id='word_1_934' title='bbox 865 4763 969 4826; x_wconf 83' lang='grc' dir='ltr'>μογερᾷ</span> <span class='ocrx_word' id='word_1_935' title='bbox 981 4759 1023 4822; x_wconf 91' lang='grc' dir='ltr'><strong>τίς</strong></span> <span class='ocrx_word' id='word_1_936' title='bbox 1051 4776 1141 4813; x_wconf 88' lang='grc' dir='ltr'>πεται.</span> <span class='ocrx_word' id='word_1_937' title='bbox 1176 4759 1883 4813; x_wconf 78' lang='lat' dir='ltr'><strong>Ineodemcarmineversum1453.iambico·tro·</strong></span> 
     </span>
     <span class='ocr_line' id='line_1_63' title="bbox 185 4823 1882 4916; baseline 0 -42"><span class='ocrx_word' id='word_1_938' title='bbox 185 4824 239 4885; x_wconf 81' lang='grc' dir='ltr'><strong>ὢν,</strong></span> <span class='ocrx_word' id='word_1_939' title='bbox 252 4823 295 4886; x_wconf 92' lang='grc' dir='ltr'><strong>τίς</strong></span> <span class='ocrx_word' id='word_1_940' title='bbox 307 4825 359 4890; x_wconf 87' lang='grc' dir='ltr'><strong>άρα</strong></span> <span class='ocrx_word' id='word_1_941' title='bbox 372 4826 569 4892; x_wconf 79' lang='grc' dir='ltr'>μ’,ιίιτάλας,)</span> <span class='ocrx_word' id='word_1_942' title='bbox 594 4826 792 4882; x_wconf 81' lang='grc' dir='ltr'>Εαια.148.ίιίι</span> <span class='ocrx_word' id='word_1_943' title='bbox 806 4827 946 4892; x_wconf 84' lang='grc' dir='ltr'>παῑΔιός,</span> <span class='ocrx_word' id='word_1_944' title='bbox 965 4827 1022 4880; x_wconf 89' lang='grc' dir='ltr'>έπί-</span> <span class='ocrx_word' id='word_1_945' title='bbox 1051 4830 1175 4880; x_wconf 80' lang='lat' dir='ltr'><strong>choicum</strong></span> <span class='ocrx_word' id='word_1_946' title='bbox 1214 4845 1301 4880; x_wconf 87' lang='lat' dir='ltr'><strong>aeone</strong></span> <span class='ocrx_word' id='word_1_947' title='bbox 1323 4837 1420 4916; x_wconf 79' lang='lat' dir='ltr'><strong>quarto</strong></span> <span class='ocrx_word' id='word_1_948' title='bbox 1442 4834 1471 4878; x_wconf 89' lang='lat' dir='ltr'><strong>et</strong></span> <span class='ocrx_word' id='word_1_949' title='bbox 1487 4827 1732 4894; x_wconf 86' lang='lat' dir='ltr'><strong>proceleusmatico</strong></span> <span class='ocrx_word' id='word_1_950' title='bbox 1753 4827 1882 4878; x_wconf 89' lang='lat' dir='ltr'><strong>termina-</strong></span> 
     </span>
     <span class='ocr_line' id='line_1_64' title="bbox 185 4847 1883 4964; baseline -0.001 -22"><span class='ocrx_word' id='word_1_951' title='bbox 185 4892 295 4954; x_wconf 87' lang='grc' dir='ltr'>κλοπος</span> <span class='ocrx_word' id='word_1_952' title='bbox 308 4893 395 4946; x_wconf 86' lang='grc' dir='ltr'>πέλει.</span> <span class='ocrx_word' id='word_1_953' title='bbox 408 4897 453 4959; x_wconf 73' lang='grc' dir='ltr'><strong>(ε</strong></span> <span class='ocrx_word' id='word_1_954' title='bbox 461 4899 516 4947; x_wconf 88' lang='grc'><strong>143.</strong></span> <span class='ocrx_word' id='word_1_955' title='bbox 530 4893 573 4947; x_wconf 89' lang='grc' dir='ltr'><strong>ίοὺ</strong></span> <span class='ocrx_word' id='word_1_956' title='bbox 585 4893 627 4948; x_wconf 87' lang='grc' dir='ltr'><strong>ἰού</strong></span> <span class='ocrx_word' id='word_1_957' title='bbox 641 4896 745 4961; x_wconf 85' lang='grc' dir='ltr'>πύπαξ,</span> <span class='ocrx_word' id='word_1_958' title='bbox 759 4894 909 4959; x_wconf 84' lang='grc' dir='ltr'>ἐπάθομεν,</span> <span class='ocrx_word' id='word_1_959' title='bbox 924 4893 1022 4960; x_wconf 87' lang='grc' dir='ltr'>φίλοι.)</span> <span class='ocrx_word' id='word_1_960' title='bbox 1051 4902 1107 4947; x_wconf 87' lang='lat' dir='ltr'><strong>tum</strong></span> <span class='ocrx_word' id='word_1_961' title='bbox 1120 4897 1172 4963; x_wconf 77' lang='grc' dir='ltr'>ὁρᾷ</span> <span class='ocrx_word' id='word_1_962' title='bbox 1185 4847 1238 4964; x_wconf 60' lang='lat' dir='ltr'><strong>‘llll</strong></span> <span class='ocrx_word' id='word_1_963' title='bbox 1250 4897 1326 4948; x_wconf 88' lang='grc' dir='ltr'>πάντ</span> <span class='ocrx_word' id='word_1_964' title='bbox 1349 4896 1391 4948; x_wconf 82' lang='lat' dir='ltr'><strong>del</strong></span> <span class='ocrx_word' id='word_1_965' title='bbox 1404 4895 1515 4960; x_wconf 88' lang='grc' dir='ltr'>χρόνος,</span> <span class='ocrx_word' id='word_1_966' title='bbox 1528 4893 1589 4946; x_wconf 84' lang='grc' dir='ltr'>έπεί</span> <span class='ocrx_word' id='word_1_967' title='bbox 1603 4894 1655 4958; x_wconf 83' lang='grc' dir='ltr'><strong>μέν</strong></span> <span class='ocrx_word' id='word_1_968' title='bbox 1664 4893 1748 4958; x_wconf 89' lang='grc' dir='ltr'>ἕτερα</span> <span class='ocrx_word' id='word_1_969' title='bbox 1757 4894 1883 4958; x_wconf 85' lang='lat' dir='ltr'><strong>sequitur</strong></span> 
     </span>
     <span class='ocr_line' id='line_1_65' title="bbox 184 4957 1880 5028; baseline -0.001 -18"><span class='ocrx_word' id='word_1_970' title='bbox 184 4960 272 5026; x_wconf 82' lang='lat' dir='ltr'><strong>Soph.</strong></span> <span class='ocrx_word' id='word_1_971' title='bbox 284 4963 325 5012; x_wconf 81' lang='grc' dir='ltr'><strong>Αἰ.</strong></span> <span class='ocrx_word' id='word_1_972' title='bbox 336 4965 394 5013; x_wconf 82' lang='lat' dir='ltr'><strong>ast.</strong></span> <span class='ocrx_word' id='word_1_973' title='bbox 407 4959 440 5014; x_wconf 82' lang='grc' dir='ltr'><strong>ἰὼ</strong></span> <span class='ocrx_word' id='word_1_974' title='bbox 453 4962 556 5024; x_wconf 89' lang='grc' dir='ltr'>σκότος</span> <span class='ocrx_word' id='word_1_975' title='bbox 568 4962 637 5027; x_wconf 86' lang='grc' dir='ltr'>ἐμόν</span> <span class='ocrx_word' id='word_1_976' title='bbox 649 4964 722 5028; x_wconf 87' lang='grc' dir='ltr'>φάος</span> <span class='ocrx_word' id='word_1_977' title='bbox 757 4961 1022 5028; x_wconf 83' lang='grc' dir='ltr'>ἔρεβοςὼφαεννό-</span> <span class='ocrx_word' id='word_1_978' title='bbox 1050 4965 1225 5016; x_wconf 87' lang='lat' dir='ltr'><strong>dochmiacae</strong></span> <span class='ocrx_word' id='word_1_979' title='bbox 1238 4967 1353 5023; x_wconf 81' lang='lat' dir='ltr'><strong>dimeter</strong></span> <span class='ocrx_word' id='word_1_980' title='bbox 1363 4963 1399 5016; x_wconf 82' lang='grc' dir='ltr'>τά</span> <span class='ocrx_word' id='word_1_981' title='bbox 1411 4963 1442 5016; x_wconf 88' lang='grc' dir='ltr'><strong>δέ</strong></span> <span class='ocrx_word' id='word_1_982' title='bbox 1455 4963 1522 5028; x_wconf 84' lang='grc' dir='ltr'>παρ’</span> <span class='ocrx_word' id='word_1_983' title='bbox 1531 4962 1606 5028; x_wconf 77' lang='grc' dir='ltr'>ἦμαρ</span> <span class='ocrx_word' id='word_1_984' title='bbox 1616 4960 1797 5024; x_wconf 86' lang='grc' dir='ltr'>αύθιςαύξων</span> <span class='ocrx_word' id='word_1_985' title='bbox 1810 4957 1880 5022; x_wconf 86' lang='grc' dir='ltr'>άνω,</span> 
     </span>
     <span class='ocr_line' id='line_1_66' title="bbox 183 5027 1882 5097; baseline -0.001 -20"><span class='ocrx_word' id='word_1_986' title='bbox 183 5041 290 5093; x_wconf 90' lang='grc' dir='ltr'>τατσν,</span> <span class='ocrx_word' id='word_1_987' title='bbox 310 5027 349 5090; x_wconf 85' lang='grc' dir='ltr'>ιίις</span> <span class='ocrx_word' id='word_1_988' title='bbox 363 5028 423 5092; x_wconf 85' lang='grc' dir='ltr'>ἐμοί</span> <span class='ocrx_word' id='word_1_989' title='bbox 438 5027 444 5096; x_wconf 94' lang='grc' dir='ltr'>Ι</span> <span class='ocrx_word' id='word_1_990' title='bbox 460 5030 552 5082; x_wconf 84' lang='grc' dir='ltr'>ἕλεσθ’</span> <span class='ocrx_word' id='word_1_991' title='bbox 564 5031 663 5084; x_wconf 86' lang='grc' dir='ltr'>ἕλεσθέ</span> <span class='ocrx_word' id='word_1_992' title='bbox 676 5031 705 5096; x_wconf 79' lang='grc' dir='ltr'>μ’</span> <span class='ocrx_word' id='word_1_993' title='bbox 716 5047 732 5083; x_wconf 97' lang='lat' dir='ltr'><strong>o</strong></span> <span class='ocrx_word' id='word_1_994' title='bbox 745 5031 861 5096; x_wconf 88' lang='grc' dir='ltr'>κήτορα,</span> <span class='ocrx_word' id='word_1_995' title='bbox 880 5033 927 5081; x_wconf 93' lang='lat' dir='ltr'><strong>ubi</strong></span> <span class='ocrx_word' id='word_1_996' title='bbox 939 5047 1022 5083; x_wconf 82' lang='lat' dir='ltr'><strong>roca·</strong></span> <span class='ocrx_word' id='word_1_997' title='bbox 1049 5032 1202 5097; x_wconf 89' lang='lat' dir='ltr'><strong>iisdemque</strong></span> <span class='ocrx_word' id='word_1_998' title='bbox 1219 5033 1334 5097; x_wconf 86' lang='lat' dir='ltr'><strong>syllabis</strong></span> <span class='ocrx_word' id='word_1_999' title='bbox 1350 5035 1379 5081; x_wconf 92' lang='lat' dir='ltr'><strong>in</strong></span> <span class='ocrx_word' id='word_1_1000' title='bbox 1397 5030 1570 5095; x_wconf 87' lang='lat' dir='ltr'><strong>antistropha</strong></span> <span class='ocrx_word' id='word_1_1001' title='bbox 1584 5033 1656 5081; x_wconf 88' lang='grc'><strong>1469.</strong></span> <span class='ocrx_word' id='word_1_1002' title='bbox 1670 5033 1744 5084; x_wconf 88' lang='grc'><strong>1470.</strong></span> <span class='ocrx_word' id='word_1_1003' title='bbox 1777 5027 1882 5077; x_wconf 86' lang='lat' dir='ltr'><strong>Eadem</strong></span> 
     </span>
     <span class='ocr_line' id='line_1_67' title="bbox 183 5093 1881 5165; baseline -0.001 -19"><span class='ocrx_word' id='word_1_1004' title='bbox 183 5095 251 5146; x_wconf 91' lang='lat' dir='ltr'><strong>bulo</strong></span> <span class='ocrx_word' id='word_1_1005' title='bbox 268 5093 342 5160; x_wconf 89' lang='grc' dir='ltr'>φάος</span> <span class='ocrx_word' id='word_1_1006' title='bbox 358 5098 387 5148; x_wconf 89' lang='lat' dir='ltr'><strong>in</strong></span> <span class='ocrx_word' id='word_1_1007' title='bbox 406 5099 582 5165; x_wconf 86' lang='lat' dir='ltr'><strong>antistropha</strong></span> <span class='ocrx_word' id='word_1_1008' title='bbox 604 5099 754 5165; x_wconf 89' lang='lat' dir='ltr'><strong>respondet</strong></span> <span class='ocrx_word' id='word_1_1009' title='bbox 775 5100 922 5164; x_wconf 87' lang='lat' dir='ltr'><strong>spondeus.</strong></span> <span class='ocrx_word' id='word_1_1010' title='bbox 959 5100 1022 5149; x_wconf 88' lang='lat' dir='ltr'><strong>Alia</strong></span> <span class='ocrx_word' id='word_1_1011' title='bbox 1049 5115 1176 5150; x_wconf 87' lang='lat' dir='ltr'><strong>mensura</strong></span> <span class='ocrx_word' id='word_1_1012' title='bbox 1188 5100 1319 5165; x_wconf 89' lang='lat' dir='ltr'><strong>Aeschyli</strong></span> <span class='ocrx_word' id='word_1_1013' title='bbox 1331 5102 1382 5164; x_wconf 84' lang='lat' dir='ltr'><strong>Ag.</strong></span> <span class='ocrx_word' id='word_1_1014' title='bbox 1396 5101 1470 5150; x_wconf 86' lang='grc'><strong>1407.</strong></span> <span class='ocrx_word' id='word_1_1015' title='bbox 1483 5096 1511 5150; x_wconf 86' lang='grc' dir='ltr'>τί</span> <span class='ocrx_word' id='word_1_1016' title='bbox 1522 5097 1765 5162; x_wconf 60' lang='lat' dir='ltr'><strong>tardabantur,</strong></span> <span class='ocrx_word' id='word_1_1017' title='bbox 1783 5097 1881 5159; x_wconf 90' lang='grc' dir='ltr'>χθονο-</span> 
     </span>
     <span class='ocr_line' id='line_1_68' title="bbox 183 5161 1882 5232; baseline -0.001 -19"><span class='ocrx_word' id='word_1_1018' title='bbox 183 5163 274 5214; x_wconf 85' lang='lat' dir='ltr'><strong>multe</strong></span> <span class='ocrx_word' id='word_1_1019' title='bbox 288 5179 358 5229; x_wconf 86' lang='lat' dir='ltr'><strong>qaae</strong></span> <span class='ocrx_word' id='word_1_1020' title='bbox 371 5165 510 5218; x_wconf 87' lang='lat' dir='ltr'><strong>Soidleras</strong></span> <span class='ocrx_word' id='word_1_1021' title='bbox 523 5167 620 5218; x_wconf 89' lang='lat' dir='ltr'><strong>attulit</strong></span> <span class='ocrx_word' id='word_1_1022' title='bbox 631 5184 657 5232; x_wconf 93' lang='lat' dir='ltr'><strong>p.</strong></span> <span class='ocrx_word' id='word_1_1023' title='bbox 667 5169 700 5218; x_wconf 90' lang='grc'><strong>84</strong></span> <span class='ocrx_word' id='word_1_1024' title='bbox 711 5182 786 5232; x_wconf 87' lang='lat' dir='ltr'><strong>seqq.</strong></span> <span class='ocrx_word' id='word_1_1025' title='bbox 801 5167 901 5231; x_wconf 89' lang='lat' dir='ltr'><strong>partim</strong></span> <span class='ocrx_word' id='word_1_1026' title='bbox 913 5168 1022 5218; x_wconf 81' lang='lat' dir='ltr'><strong>vitiosis</strong></span> <span class='ocrx_word' id='word_1_1027' title='bbox 1047 5166 1150 5232; x_wconf 84' lang='grc' dir='ltr'>τρεφές</span> <span class='ocrx_word' id='word_1_1028' title='bbox 1162 5166 1263 5219; x_wconf 90' lang='grc' dir='ltr'>έδανὸν</span> <span class='ocrx_word' id='word_1_1029' title='bbox 1276 5171 1280 5229; x_wconf 84' lang='grc' dir='ltr'>ι</span> <span class='ocrx_word' id='word_1_1030' title='bbox 1293 5167 1311 5231; x_wconf 83' lang='grc' dir='ltr'>ἢ</span> <span class='ocrx_word' id='word_1_1031' title='bbox 1324 5164 1417 5218; x_wconf 87' lang='grc' dir='ltr'>ποτόν</span> <span class='ocrx_word' id='word_1_1032' title='bbox 1426 5164 1574 5229; x_wconf 89' lang='grc' dir='ltr'>πασαμένα</span> <span class='ocrx_word' id='word_1_1033' title='bbox 1585 5165 1670 5230; x_wconf 82' lang='grc' dir='ltr'>βατός</span> <span class='ocrx_word' id='word_1_1034' title='bbox 1682 5164 1710 5218; x_wconf 76' lang='lat' dir='ltr'><strong>tr</strong></span> <span class='ocrx_word' id='word_1_1035' title='bbox 1720 5163 1789 5225; x_wconf 89' lang='grc' dir='ltr'>άλός</span> <span class='ocrx_word' id='word_1_1036' title='bbox 1799 5161 1882 5226; x_wconf 89' lang='grc' dir='ltr'>δρμε-</span> 
     </span>
     <span class='ocr_line' id='line_1_69' title="bbox 182 5228 1879 5300; baseline 0 -19"><span class='ocrx_word' id='word_1_1037' title='bbox 182 5246 257 5296; x_wconf 85' lang='lat' dir='ltr'><strong>qaae</strong></span> <span class='ocrx_word' id='word_1_1038' title='bbox 271 5237 329 5282; x_wconf 86' lang='lat' dir='ltr'><strong>tum</strong></span> <span class='ocrx_word' id='word_1_1039' title='bbox 342 5233 658 5300; x_wconf 82' lang='lat' dir='ltr'><strong>ferebaatarseriptaris</strong></span> <span class='ocrx_word' id='word_1_1040' title='bbox 670 5236 802 5296; x_wconf 89' lang='lat' dir='ltr'><strong>nituntur,</strong></span> <span class='ocrx_word' id='word_1_1041' title='bbox 816 5235 916 5299; x_wconf 87' lang='lat' dir='ltr'><strong>partim</strong></span> <span class='ocrx_word' id='word_1_1042' title='bbox 930 5235 1023 5286; x_wconf 86' lang='lat' dir='ltr'><strong>aliena</strong></span> <span class='ocrx_word' id='word_1_1043' title='bbox 1049 5249 1109 5287; x_wconf 89' lang='grc' dir='ltr'>νον.</span> <span class='ocrx_word' id='word_1_1044' title='bbox 1126 5255 1160 5278; x_wconf 94' lang='lat'>=</span> <span class='ocrx_word' id='word_1_1045' title='bbox 1179 5237 1252 5286; x_wconf 90' lang='grc'><strong>1426.</strong></span> <span class='ocrx_word' id='word_1_1046' title='bbox 1270 5234 1457 5300; x_wconf 87' lang='grc' dir='ltr'>μεγαλόμητις</span> <span class='ocrx_word' id='word_1_1047' title='bbox 1474 5233 1512 5296; x_wconf 81' lang='grc' dir='ltr'><strong>εί,</strong></span> <span class='ocrx_word' id='word_1_1048' title='bbox 1532 5231 1691 5298; x_wconf 82' lang='grc' dir='ltr'>περίφρονα</span> <span class='ocrx_word' id='word_1_1049' title='bbox 1705 5232 1731 5283; x_wconf 79' lang='grc' dir='ltr'>δ’</span> <span class='ocrx_word' id='word_1_1050' title='bbox 1747 5231 1855 5291; x_wconf 84' lang='grc' dir='ltr'>ἔλακες·</span> <span class='ocrx_word' id='word_1_1051' title='bbox 1876 5228 1879 5294; x_wconf 82' lang='lat' dir='ltr'><strong>l</strong></span> 
     </span>
     <span class='ocr_line' id='line_1_70' title="bbox 183 5299 1882 5368; baseline -0.001 -20"><span class='ocrx_word' id='word_1_1052' title='bbox 183 5299 222 5349; x_wconf 86' lang='lat' dir='ltr'><strong>ab</strong></span> <span class='ocrx_word' id='word_1_1053' title='bbox 236 5299 290 5350; x_wconf 89' lang='lat' dir='ltr'><strong>hac</strong></span> <span class='ocrx_word' id='word_1_1054' title='bbox 302 5303 462 5364; x_wconf 90' lang='lat' dir='ltr'><strong>quaestione</strong></span> <span class='ocrx_word' id='word_1_1055' title='bbox 480 5307 557 5362; x_wconf 90' lang='lat' dir='ltr'><strong>sant,</strong></span> <span class='ocrx_word' id='word_1_1056' title='bbox 576 5318 656 5367; x_wconf 89' lang='lat' dir='ltr'><strong>qaum</strong></span> <span class='ocrx_word' id='word_1_1057' title='bbox 672 5318 704 5353; x_wconf 86' lang='lat' dir='ltr'><strong>ex</strong></span> <span class='ocrx_word' id='word_1_1058' title='bbox 723 5303 844 5366; x_wconf 90' lang='lat' dir='ltr'><strong>strophis</strong></span> <span class='ocrx_word' id='word_1_1059' title='bbox 860 5303 916 5352; x_wconf 91' lang='lat' dir='ltr'><strong>sint</strong></span> <span class='ocrx_word' id='word_1_1060' title='bbox 933 5304 1022 5368; x_wconf 89' lang='lat' dir='ltr'><strong>petita</strong></span> <span class='ocrx_word' id='word_1_1061' title='bbox 1049 5302 1146 5366; x_wconf 82' lang='grc' dir='ltr'>ὥσπερ</span> <span class='ocrx_word' id='word_1_1062' title='bbox 1157 5301 1208 5353; x_wconf 87' lang='grc' dir='ltr'><strong>σύν</strong></span> <span class='ocrx_word' id='word_1_1063' title='bbox 1218 5302 1361 5366; x_wconf 76' lang='grc' dir='ltr'>φονολιβεῖ</span> <span class='ocrx_word' id='word_1_1064' title='bbox 1373 5303 1444 5368; x_wconf 84' lang='grc' dir='ltr'>τύχᾳ</span> <span class='ocrx_word' id='word_1_1065' title='bbox 1454 5302 1531 5366; x_wconf 85' lang='grc' dir='ltr'>φρὴν</span> <span class='ocrx_word' id='word_1_1066' title='bbox 1541 5299 1725 5364; x_wconf 78' lang='grc' dir='ltr'>ἐπιμαίνεται,</span> <span class='ocrx_word' id='word_1_1067' title='bbox 1739 5300 1763 5348; x_wconf 88' lang='lat' dir='ltr'><strong>si</strong></span> <span class='ocrx_word' id='word_1_1068' title='bbox 1775 5301 1803 5348; x_wconf 94' lang='lat' dir='ltr'><strong>in</strong></span> <span class='ocrx_word' id='word_1_1069' title='bbox 1813 5306 1882 5350; x_wconf 91' lang='lat' dir='ltr'><strong>stro-</strong></span> 
     </span>
     <span class='ocr_line' id='line_1_71' title="bbox 183 5367 1881 5436; baseline -0.002 -20"><span class='ocrx_word' id='word_1_1070' title='bbox 183 5381 300 5418; x_wconf 85' lang='lat' dir='ltr'><strong>nmaero</strong></span> <span class='ocrx_word' id='word_1_1071' title='bbox 313 5383 369 5421; x_wconf 88' lang='lat' dir='ltr'><strong>non</strong></span> <span class='ocrx_word' id='word_1_1072' title='bbox 381 5371 541 5420; x_wconf 86' lang='lat' dir='ltr'><strong>continuato</strong></span> <span class='ocrx_word' id='word_1_1073' title='bbox 554 5371 678 5434; x_wconf 86' lang='lat' dir='ltr'><strong>seriptis,</strong></span> <span class='ocrx_word' id='word_1_1074' title='bbox 696 5372 724 5419; x_wconf 92' lang='lat' dir='ltr'><strong>in</strong></span> <span class='ocrx_word' id='word_1_1075' title='bbox 737 5371 900 5435; x_wconf 79' lang='lat' dir='ltr'><strong>quibasnec</strong></span> <span class='ocrx_word' id='word_1_1076' title='bbox 913 5370 1022 5435; x_wconf 87' lang='lat' dir='ltr'><strong>syllaba</strong></span> <span class='ocrx_word' id='word_1_1077' title='bbox 1049 5371 1103 5435; x_wconf 92' lang='lat' dir='ltr'><strong>pba</strong></span> <span class='ocrx_word' id='word_1_1078' title='bbox 1115 5368 1224 5432; x_wconf 85' lang='grc' dir='ltr'>ἐδανόν,</span> <span class='ocrx_word' id='word_1_1079' title='bbox 1239 5371 1267 5421; x_wconf 90' lang='lat' dir='ltr'><strong>in</strong></span> <span class='ocrx_word' id='word_1_1080' title='bbox 1280 5371 1457 5436; x_wconf 90' lang='lat' dir='ltr'><strong>antistropha</strong></span> <span class='ocrx_word' id='word_1_1081' title='bbox 1467 5369 1565 5431; x_wconf 79' lang='grc' dir='ltr'>ἔλακες</span> <span class='ocrx_word' id='word_1_1082' title='bbox 1577 5385 1637 5420; x_wconf 90' lang='lat' dir='ltr'><strong>cum</strong></span> <span class='ocrx_word' id='word_1_1083' title='bbox 1647 5369 1737 5420; x_wconf 89' lang='lat' dir='ltr'><strong>verbis</strong></span> <span class='ocrx_word' id='word_1_1084' title='bbox 1750 5367 1881 5432; x_wconf 87' lang='lat' dir='ltr'><strong>proximis</strong></span> 
     </span>
     <span class='ocr_line' id='line_1_72' title="bbox 183 5431 1880 5502; baseline -0.002 -16"><span class='ocrx_word' id='word_1_1085' title='bbox 183 5449 293 5501; x_wconf 87' lang='lat' dir='ltr'><strong>anceps</strong></span> <span class='ocrx_word' id='word_1_1086' title='bbox 306 5451 396 5501; x_wconf 87' lang='lat' dir='ltr'><strong>neque</strong></span> <span class='ocrx_word' id='word_1_1087' title='bbox 409 5436 501 5488; x_wconf 88' lang='lat' dir='ltr'><strong>hiatus</strong></span> <span class='ocrx_word' id='word_1_1088' title='bbox 514 5437 661 5502; x_wconf 90' lang='lat' dir='ltr'><strong>quidquam</strong></span> <span class='ocrx_word' id='word_1_1089' title='bbox 673 5438 834 5490; x_wconf 87' lang='lat' dir='ltr'><strong>offensionis</strong></span> <span class='ocrx_word' id='word_1_1090' title='bbox 846 5437 939 5500; x_wconf 90' lang='lat' dir='ltr'><strong>habet,</strong></span> <span class='ocrx_word' id='word_1_1091' title='bbox 952 5442 983 5486; x_wconf 92' lang='lat' dir='ltr'><strong>ut</strong></span> <span class='ocrx_word' id='word_1_1092' title='bbox 993 5439 1022 5488; x_wconf 90' lang='lat' dir='ltr'><strong>in</strong></span> <span class='ocrx_word' id='word_1_1093' title='bbox 1047 5437 1076 5487; x_wconf 89' lang='lat' dir='ltr'><strong>in</strong></span> <span class='ocrx_word' id='word_1_1094' title='bbox 1094 5438 1247 5488; x_wconf 87' lang='lat' dir='ltr'><strong>dochmium</strong></span> <span class='ocrx_word' id='word_1_1095' title='bbox 1266 5439 1448 5502; x_wconf 84' lang='lat' dir='ltr'><strong>coniungatur</strong></span> <span class='ocrx_word' id='word_1_1096' title='bbox 1465 5436 1568 5490; x_wconf 86' lang='grc' dir='ltr'>ἐδανὸν</span> <span class='ocrx_word' id='word_1_1097' title='bbox 1585 5437 1602 5502; x_wconf 83' lang='grc' dir='ltr'>ἢ</span> <span class='ocrx_word' id='word_1_1098' title='bbox 1620 5436 1711 5488; x_wconf 90' lang='grc' dir='ltr'>ποτόν</span> <span class='ocrx_word' id='word_1_1099' title='bbox 1730 5441 1757 5487; x_wconf 91' lang='lat' dir='ltr'><strong>et</strong></span> <span class='ocrx_word' id='word_1_1100' title='bbox 1770 5431 1880 5495; x_wconf 85' lang='grc' dir='ltr'>ἔλακες.</span> 
     </span>
    </p>
   </div>
   <div class='ocr_carea' id='block_1_6' title="bbox 175 5500 1881 5780">
    <p class='ocr_par' dir='ltr' id='par_1_6' title="bbox 175 5500 1881 5780">
     <span class='ocr_line' id='line_1_73' title="bbox 180 5500 1881 5571; baseline -0.002 -18"><span class='ocrx_word' id='word_1_1101' title='bbox 180 5503 317 5567; x_wconf 83' lang='lat' dir='ltr'><strong>Aeschyli</strong></span> <span class='ocrx_word' id='word_1_1102' title='bbox 330 5505 433 5569; x_wconf 88' lang='lat' dir='ltr'><strong>paredo</strong></span> <span class='ocrx_word' id='word_1_1103' title='bbox 449 5521 505 5556; x_wconf 90' lang='lat' dir='ltr'><strong>non</strong></span> <span class='ocrx_word' id='word_1_1104' title='bbox 518 5506 720 5571; x_wconf 86' lang='lat' dir='ltr'><strong>antistrophica</strong></span> <span class='ocrx_word' id='word_1_1105' title='bbox 733 5506 809 5570; x_wconf 87' lang='lat' dir='ltr'><strong>Sept.</strong></span> <span class='ocrx_word' id='word_1_1106' title='bbox 822 5507 863 5554; x_wconf 90' lang='grc'><strong>86.</strong></span> <span class='ocrx_word' id='word_1_1107' title='bbox 881 5505 1022 5555; x_wconf 82' lang='lat' dir='ltr'><strong>dochmiaa</strong></span> <span class='ocrx_word' id='word_1_1108' title='bbox 1047 5504 1145 5569; x_wconf 82' lang='grc' dir='ltr'>ὥσπερ</span> <span class='ocrx_word' id='word_1_1109' title='bbox 1157 5503 1217 5555; x_wconf 83' lang='grc' dir='ltr'>οὖν.</span> <span class='ocrx_word' id='word_1_1110' title='bbox 1235 5505 1299 5557; x_wconf 86' lang='lat' dir='ltr'><strong>Eur.</strong></span> <span class='ocrx_word' id='word_1_1111' title='bbox 1312 5505 1393 5556; x_wconf 80' lang='lat' dir='ltr'><strong>Rhea.</strong></span> <span class='ocrx_word' id='word_1_1112' title='bbox 1407 5507 1463 5556; x_wconf 87' lang='lat'><strong>135.</strong></span> <span class='ocrx_word' id='word_1_1113' title='bbox 1476 5505 1562 5567; x_wconf 86' lang='grc' dir='ltr'>πέλας</span> <span class='ocrx_word' id='word_1_1114' title='bbox 1574 5505 1590 5556; x_wconf 85' lang='grc' dir='ltr'>ὅ</span> <span class='ocrx_word' id='word_1_1115' title='bbox 1602 5520 1629 5556; x_wconf 92' lang='grc' dir='ltr'><strong>τι</strong></span> <span class='ocrx_word' id='word_1_1116' title='bbox 1641 5503 1707 5556; x_wconf 79' lang='grc' dir='ltr'>ποτ’</span> <span class='ocrx_word' id='word_1_1117' title='bbox 1719 5502 1773 5568; x_wconf 79' lang='grc' dir='ltr'><strong>ἄρα</strong></span> <span class='ocrx_word' id='word_1_1118' title='bbox 1784 5500 1881 5562; x_wconf 78' lang='grc' dir='ltr'>δαΐοις.</span> 
     </span>
     <span class='ocr_line' id='line_1_74' title="bbox 179 5567 1881 5640; baseline -0.002 -17"><span class='ocrx_word' id='word_1_1119' title='bbox 179 5577 250 5623; x_wconf 85' lang='lat' dir='ltr'><strong>ante</strong></span> <span class='ocrx_word' id='word_1_1120' title='bbox 268 5571 380 5636; x_wconf 88' lang='lat' dir='ltr'><strong>plenam</strong></span> <span class='ocrx_word' id='word_1_1121' title='bbox 398 5573 648 5638; x_wconf 87' lang='lat' dir='ltr'><strong>interpunctionem</strong></span> <span class='ocrx_word' id='word_1_1122' title='bbox 661 5573 767 5640; x_wconf 88' lang='lat' dir='ltr'><strong>positas</strong></span> <span class='ocrx_word' id='word_1_1123' title='bbox 779 5576 823 5622; x_wconf 91' lang='lat' dir='ltr'><strong>est</strong></span> <span class='ocrx_word' id='word_1_1124' title='bbox 838 5571 926 5624; x_wconf 88' lang='grc' dir='ltr'>κακόν</span> <span class='ocrx_word' id='word_1_1125' title='bbox 939 5571 1020 5624; x_wconf 80' lang='lat' dir='ltr'><strong>atet·</strong></span> <span class='ocrx_word' id='word_1_1126' title='bbox 1046 5591 1080 5614; x_wconf 84' lang='lat'><strong><em>=</em></strong></span> <span class='ocrx_word' id='word_1_1127' title='bbox 1094 5577 1150 5623; x_wconf 89' lang='grc'><strong>199.</strong></span> <span class='ocrx_word' id='word_1_1128' title='bbox 1164 5571 1200 5624; x_wconf 88' lang='grc' dir='ltr'>τό</span> <span class='ocrx_word' id='word_1_1129' title='bbox 1212 5571 1311 5624; x_wconf 87' lang='grc' dir='ltr'>θεόθεν</span> <span class='ocrx_word' id='word_1_1130' title='bbox 1324 5570 1443 5624; x_wconf 90' lang='grc' dir='ltr'>έπιδέτω</span> <span class='ocrx_word' id='word_1_1131' title='bbox 1455 5571 1537 5625; x_wconf 88' lang='grc' dir='ltr'>Δίκα.</span> <span class='ocrx_word' id='word_1_1132' title='bbox 1562 5574 1658 5639; x_wconf 84' lang='lat' dir='ltr'><strong>Eurip.</strong></span> <span class='ocrx_word' id='word_1_1133' title='bbox 1670 5573 1743 5625; x_wconf 80' lang='lat' dir='ltr'><strong>Med,</strong></span> <span class='ocrx_word' id='word_1_1134' title='bbox 1757 5572 1830 5621; x_wconf 86' lang='grc'><strong>1280.</strong></span> <span class='ocrx_word' id='word_1_1135' title='bbox 1847 5567 1881 5620; x_wconf 89' lang='grc' dir='ltr'>δν</span> 
     </span>
     <span class='ocr_line' id='line_1_75' title="bbox 177 5634 1880 5706; baseline -0.001 -14"><span class='ocrx_word' id='word_1_1136' title='bbox 177 5652 261 5692; x_wconf 87' lang='grc' dir='ltr'>σοτε.</span> <span class='ocrx_word' id='word_1_1137' title='bbox 281 5645 311 5690; x_wconf 85' lang='grc' dir='ltr'><strong>οι</strong></span> <span class='ocrx_word' id='word_1_1138' title='bbox 325 5641 380 5689; x_wconf 81' lang='grc'><strong>116.</strong></span> <span class='ocrx_word' id='word_1_1139' title='bbox 392 5638 490 5706; x_wconf 86' lang='grc' dir='ltr'>Ἀρεος</span> <span class='ocrx_word' id='word_1_1140' title='bbox 502 5639 650 5705; x_wconf 83' lang='grc' dir='ltr'>ὀρόμενον.</span> <span class='ocrx_word' id='word_1_1141' title='bbox 669 5641 742 5706; x_wconf 87' lang='lat' dir='ltr'><strong>apud</strong></span> <span class='ocrx_word' id='word_1_1142' title='bbox 754 5641 850 5705; x_wconf 87' lang='lat' dir='ltr'><strong>Eurip.</strong></span> <span class='ocrx_word' id='word_1_1143' title='bbox 863 5641 948 5706; x_wconf 90' lang='lat' dir='ltr'><strong>Hipp.</strong></span> <span class='ocrx_word' id='word_1_1144' title='bbox 961 5642 1019 5692; x_wconf 79' lang='lat' dir='ltr'><strong>au.</strong></span> <span class='ocrx_word' id='word_1_1145' title='bbox 1046 5639 1140 5702; x_wconf 86' lang='grc' dir='ltr'>ἔτεκες</span> <span class='ocrx_word' id='word_1_1146' title='bbox 1151 5660 1186 5684; x_wconf 88' lang='lat'><strong><em>=</em></strong></span> <span class='ocrx_word' id='word_1_1147' title='bbox 1199 5643 1274 5691; x_wconf 85' lang='grc'><strong>1291.</strong></span> <span class='ocrx_word' id='word_1_1148' title='bbox 1291 5638 1465 5692; x_wconf 90' lang='grc' dir='ltr'>πολύπονον.</span> <span class='ocrx_word' id='word_1_1149' title='bbox 1501 5643 1547 5693; x_wconf 89' lang='lat' dir='ltr'><strong>Or.</strong></span> <span class='ocrx_word' id='word_1_1150' title='bbox 1560 5645 1616 5692; x_wconf 88' lang='grc'><strong>171.</strong></span> <span class='ocrx_word' id='word_1_1151' title='bbox 1634 5637 1718 5691; x_wconf 90' lang='grc' dir='ltr'>πάλιν</span> <span class='ocrx_word' id='word_1_1152' title='bbox 1735 5635 1790 5690; x_wconf 83' lang='grc' dir='ltr'><strong>ἀνὰ</strong></span> <span class='ocrx_word' id='word_1_1153' title='bbox 1807 5634 1880 5687; x_wconf 84' lang='grc' dir='ltr'>πόδα</span> 
     </span>
     <span class='ocr_line' id='line_1_76' title="bbox 175 5702 1880 5780; baseline -0.001 -21"><span class='ocrx_word' id='word_1_1154' title='bbox 175 5705 246 5780; x_wconf 79' lang='grc' dir='ltr'>τίνα</span> <span class='ocrx_word' id='word_1_1155' title='bbox 258 5707 328 5772; x_wconf 81' lang='grc' dir='ltr'>βοᾷς</span> <span class='ocrx_word' id='word_1_1156' title='bbox 340 5703 438 5773; x_wconf 72' lang='grc' dir='ltr'>λόγως</span> <span class='ocrx_word' id='word_1_1157' title='bbox 452 5711 609 5776; x_wconf 86' lang='lat' dir='ltr'><strong>pariterque</strong></span> <span class='ocrx_word' id='word_1_1158' title='bbox 623 5715 686 5760; x_wconf 88' lang='lat' dir='ltr'><strong>ante</strong></span> <span class='ocrx_word' id='word_1_1159' title='bbox 700 5709 809 5775; x_wconf 87' lang='lat' dir='ltr'><strong>plenam</strong></span> <span class='ocrx_word' id='word_1_1160' title='bbox 821 5709 1018 5776; x_wconf 88' lang='lat' dir='ltr'><strong>interpunctio·</strong></span> <span class='ocrx_word' id='word_1_1161' title='bbox 1046 5707 1099 5759; x_wconf 89' lang='grc' dir='ltr'><strong>σόν</strong></span> <span class='ocrx_word' id='word_1_1162' title='bbox 1112 5704 1219 5769; x_wconf 83' lang='grc' dir='ltr'>εἱλίξεις</span> <span class='ocrx_word' id='word_1_1163' title='bbox 1231 5706 1370 5772; x_wconf 88' lang='grc' dir='ltr'>μεθεμένα</span> <span class='ocrx_word' id='word_1_1164' title='bbox 1382 5707 1492 5764; x_wconf 85' lang='grc' dir='ltr'>κτύπου</span> <span class='ocrx_word' id='word_1_1165' title='bbox 1501 5729 1536 5754; x_wconf 88' lang='lat'><strong><em>=</em></strong></span> <span class='ocrx_word' id='word_1_1166' title='bbox 1546 5711 1602 5762; x_wconf 89' lang='grc'><strong>192.</strong></span> <span class='ocrx_word' id='word_1_1167' title='bbox 1615 5706 1716 5771; x_wconf 92' lang='grc' dir='ltr'>μέλεον</span> <span class='ocrx_word' id='word_1_1168' title='bbox 1730 5702 1880 5768; x_wconf 85' lang='grc' dir='ltr'>ἀπόφονον</span> 
     </span>
    </p>
   </div>
   <div class='ocr_carea' id='block_1_7' title="bbox 0 0 2190 6614">
    <p class='ocr_par' dir='ltr' id='par_1_7' title="bbox 0 0 2190 6614">
     <span class='ocr_line' id='line_1_77' title="bbox 0 0 2190 6614; baseline 0 3"><span class='ocrx_word' id='word_1_1169' title='bbox 0 0 2190 6614; x_wconf 95' lang='lat' dir='ltr'><strong> </strong></span> 
     </span>
    </p>
   </div>
  </div>
 </body>
</html>
