4372 6614
822 551 916 601 vrrs
947 551 1173 606 nuu1r1n1s.
1809 555 1842 618 21

1215 659 1350 664 ...ω-...η
1355 659 1591 666 -..--------.-
1599 660 1849 668 --—-.-—--.·—.-.--‹

172 720 215 772 pro
227 707 357 768 quattuor
367 708 529 754 numeratae
542 703 655 767 fuerint,
668 719 751 769 quum
760 704 884 770 duplices
893 705 993 766 utrius·
1021 710 1103 772 poeta
1118 701 1244 758 Αίτναῑαι
1257 703 1335 757 νόθοι
1348 705 1413 758 sunt
1423 709 1606 760 substitutae:
1626 709 1659 759 de
1672 725 1725 774 quo
1737 723 1792 760 non
1805 725 1850 760 co-

173 788 218 840 que
234 771 344 824 fabulae
362 772 496 823 editiones
514 772 652 824 exstitisse
675 774 911 837 grammaticorum
929 789 995 838 quo·
1022 775 1124 840 gitavit
1139 775 1256 841 scriptor
1265 773 1429 837 ὑποθέσεως
1439 776 1536 841 Rhesi,
1552 793 1632 842 quum
1642 775 1753 838 νοθείας
1762 779 1850 844 suspi-

172 841 277 892 tundam
289 840 455 891 testimoniis
466 845 632 906 compertum
644 840 800 904 habeamus,
816 856 886 908 quae
896 858 994 893 memo·
1021 843 1128 893 cionem
1145 843 1180 892 ab
1193 843 1257 893 aliis
1273 851 1374 894 motam
1387 844 1611 896 Didascaliarum
1627 845 1792 896 auctoritate
1809 862 1851 897 re·

172 909 224 960 ravi
240 907 276 958 ad
292 908 389 974 fragm.
403 909 462 959 284.
481 912 509 958 et
525 910 583 959 sto.
619 908 726 959 Deinde
741 925 821 974 quum
840 917 903 960 octo
916 910 994 960 iuba·
1021 910 1141 961 furatam
1154 911 1289 970 crederet,
1302 913 1390 962 τούτο
1401 911 1435 963 τό
1448 911 1538 976 δρᾶμα
1550 911 1618 964 ἔνιοι
1631 911 1717 965 νόθον
1728 911 1849 980 ὑπενόη-

171 978 250 1026 larum
265 975 446 1040 satyricarum
459 991 586 1027 numerus
599 991 694 1041 parum
708 978 855 1028 conveniat
867 979 994 1028 universo
1021 990 1087 1029 σαν·
1098 976 1207 1042 τόνγάρ
1214 977 1386 1042 Σοφόκλειον
1396 978 1849 1046 μᾶλλονύποφοίνεινχαρακτηρα.

172 1049 207 1097 tt.
219 1044 374 1094 fabularum
386 1059 506 1106 numero,
521 1045 568 1109 qui
582 1044 692 1095 fabulas
704 1045 839 1108 satyricae
849 1047 890 1096 23.
903 1051 994 1110 postu·
1021 1044 1051 1096 έν
1064 1044 1158 1108 μέντοι
1171 1048 1232 1107 ταῖς
1244 1045 1430 1109 διδασκαλίαις
1447 1046 1487 1110 ιύς
1502 1047 1620 1113 γνήσιον
1632 1047 1849 1114 ἀναγέγραπται,

171 1115 222 1164 lare
244 1111 386 1176 videatur,
411 1128 466 1162 non
490 1113 558 1164 satis
580 1117 622 1164 est
643 1113 780 1163 coniicere
802 1119 865 1164 octo
887 1118 994 1164 tantum
1021 1112 1096 1174 καλή
1115 1113 1178 1179 περί
1194 1112 1230 1165 τά
1247 1113 1381 1178 μετάρσια
1397 1115 1428 1168 δὲ
1445 1115 1476 1168 ὲν
1492 1115 1572 1181 αὐτῷ
1590 1116 1850 1183 πολυπραγμοσύνη

172 1182 315 1232 dramatum
326 1181 508 1246 satyricorum
517 1181 675 1232 memoriam
685 1186 823 1232 servatam
833 1197 904 1242 ese,
918 1183 994 1247 quin·
1020 1181 1072 1234 τόν
1086 1179 1234 1246 Εὐριπίδην
1247 1179 1384 1245 ὁμολογεῖ.
1420 1185 1508 1247 Quam
1522 1185 1645 1236 Cratetis
1662 1201 1768 1252 quoque
1787 1201 1849 1237 sen·

69 1298 71 1307 ,
172 1249 254 1300 decim
278 1248 393 1299 aliorum
416 1264 482 1299 vero
506 1249 682 1299 obliteratam
703 1249 802 1299 fuisse:
832 1250 903 1314 quod
930 1250 993 1301 olim
1020 1251 1138 1300 tentiam
1156 1251 1241 1300 fuisse
1259 1267 1293 1301 ex
1310 1253 1489 1304 annotatione
1507 1253 1674 1305 scholiastae
1695 1254 1773 1305 adv.
1791 1257 1849 1306 sle.

172 1315 274 1368 facilius
291 1332 372 1382 quam
389 1316 470 1368 hodie
487 1317 562 1368 credi
579 1322 701 1382 poterat,
725 1333 759 1368 ex
776 1333 828 1383 quo
845 1317 995 1369 Alcestidis
1021 1319 1222 1384 cognoscimus,
1243 1316 1350 1384 Κράτης
1362 1317 1473 1382 ἀγνοεῖν
1486 1333 1557 1386 φησι
1569 1319 1621 1372 τόν
1635 1319 1784 1386 Εὐριπίδην
1795 1321 1850 1384 τὴν

171 1384 318 1436 didascalia
335 1400 368 1435 ex
385 1385 479 1436 codice
492 1385 630 1436 Vaticano
648 1385 725 1436 edita
736 1401 786 1436 nos
803 1386 896 1436 docuit
908 1392 993 1436 tetra·
1021 1387 1086 1451 περί
1098 1384 1134 1437 τά
1147 1384 1275 1450 μετέωρα
1288 1384 1408 1450 θεωρίαν
1420 1386 1464 1439 διὰ
1475 1388 1510 1440 τό
1523 1387 1589 1440 νέον
1600 1388 1641 1440 έτι
1654 1387 1725 1441 είνοι
1738 1389 1787 1442 δτε
1798 1388 1851 1442 τόν

170 1453 251 1520 logias
271 1468 324 1504 uon
341 1459 501 1504 constanter
522 1453 624 1503 fabulis
646 1453 775 1517 satyricis
796 1469 866 1518 quae
884 1455 995 1521 proprie
1021 1452 1121 1517 Ῥῆσον
1133 1452 1271 1506 ἐδίδασκε·
1291 1455 1328 1518 μὴ
1341 1455 1394 1519 γάρ
1405 1455 1538 1508 δύνασθαι
1550 1454 1699 1510 Πλειάδων
1715 1457 1850 1510 καταδυο-

172 1523 305 1584 dicuutnr,
324 1522 341 1572 i.
355 1537 378 1572 e.
392 1536 462 1586 qnae
473 1521 597 1582 chorum,
614 1526 646 1570 ut
657 1523 686 1570 in
700 1519 821 1588 Cyclops
835 1522 939 1572 iactum
950 1523 992 1572 vi·
1021 1520 1115 1586 μένων
1131 1523 1183 1574 τὸν
1199 1520 1285 1574 ἀετόν
1299 1527 1489 1588 μεσουρανείν.
1523 1541 1612 1590 nsque
1630 1525 1713 1576 aliter
1730 1528 1851 1590 sensisse

171 1589 271 1653 demus,
292 1605 326 1640 ex
348 1588 451 1654 satyris
472 1589 651 1654 compositum
670 1588 817 1653 haherent,
843 1590 892 1641 sed
912 1592 995 1642 iuter·
1022 1590 1339 1656 videnturAristarchus,
1351 1593 1543 1644 Parmeniscus
1552 1594 1657 1658 aliique
1668 1595 1852 1659 antiquissimi
1876 1645 1879 1652 ,
1959 1597 1962 1604 ’

170 1658 226 1708 dum
238 1657 415 1708 hilarioribus
433 1663 460 1708 et
472 1656 645 1708 brevioribus
663 1657 817 1722 tragoediis
829 1659 993 1709 terminatas
1022 1659 1206 1726 grammatici,
1225 1660 1272 1723 qui
1285 1660 1313 1710 in
1326 1659 1443 1710 scholiis·
1455 1661 1495 1710 ita
1510 1667 1695 1712 memorantur
1706 1669 1738 1713 ut
1749 1662 1852 1713 nullum

170 1726 256 1776 fuisse.
293 1725 372 1790 Quod
385 1740 465 1791 quum
478 1726 507 1776 in
519 1724 676 1788 Alcestide,
694 1725 849 1776 fabularum
862 1727 992 1792 supersti-
1020 1741 1135 1792 usquam
1156 1727 1286 1778 indicium
1303 1728 1552 1780 animadvertamus
1569 1745 1603 1780 ex
1624 1744 1676 1796 quo
1697 1729 1851 1781 dubitatum

170 1801 220 1844 tum
239 1794 434 1858 antiquissima
455 1792 567 1859 (olymp.
585 1793 631 1855 85,
649 1793 701 1857 2.),
724 1793 827 1845 facturn
846 1797 894 1857 sit,
911 1794 993 1846 valde
1022 1795 1054 1845 de
1072 1801 1185 1846 auctore
1206 1811 1267 1846 esse
1287 1795 1473 1860 intelligatur:
1498 1797 1530 1847 de
1552 1811 1603 1861 quo
1625 1797 1683 1848 dixi
1703 1797 1731 1848 in
1752 1797 1852 1849 Anuot.

169 1861 310 1914 verisimile
328 1860 541 1926 estEuripidem
559 1865 663 1912 stante
683 1866 785 1927 etpost
802 1861 870 1912 illud
887 1868 993 1928 ternpus
1021 1864 1108 1915 Oxou.
1135 1864 1189 1914 vol.
1205 1866 1228 1914 3.
1252 1880 1276 1928 ρ.
1293 1867 1350 1915 560.
1384 1864 1481 1929 Neque
1502 1865 1574 1915 inter
1596 1864 1705 1917 fabulas
1726 1864 1852 1932 Euripidi

170 1930 235 1980 idem
247 1931 301 1980 sibi
312 1930 341 1980 in
355 1929 481 1992 aliarum,
495 1929 548 1980 etsi
560 1945 615 1980 non
627 1934 738 1980 constat
751 1934 817 1995 quot
830 1935 858 1981 et
870 1946 992 1995 quarum,
1022 1932 1195 1997 suppositas,
1215 1947 1282 1998 quas
1295 1931 1461 1998 biographus
1473 1931 1534 1997 (lin.
1547 1931 1599 1994 37.)
1616 1938 1762 1992 memorat,
1779 1934 1850 1986 ilhe-

169 1998 371 2064 tstralogisrum
386 1998 585 2063 compositione
599 1998 770 2063 permisisse:
787 1998 859 2049 inter
872 2005 993 2065 questa·
1021 2015 1068 2051 sue
1092 2001 1255 2050 nominatur.
1295 1999 1477 2052 Nihilominus
1502 2000 1643 2050 fatendum
1665 2009 1708 2052 est
1729 2000 1852 2052 tabulam

168 2081 226 2116 men
236 2081 291 2116 non
303 2066 386 2117 luisse
397 2066 532 2127 Orestem,
546 2079 616 2131 quaa
626 2065 796 2130 quorundam
810 2072 852 2117 est
861 2067 953 2132 opinio
959 2066 994 2130 ''),
1021 2067 1092 2118 hanc
1104 2069 1177 2118 omni
1189 2067 1248 2118 iere
1262 2084 1295 2118 ex
1306 2074 1383 2133 parte
1395 2073 1453 2118 tam
1467 2068 1626 2119 dissimilem
1638 2083 1698 2120 esse
1707 2069 1852 2130 Alcestidi,

171 2133 276 2184 tabulae
293 2134 375 2184 huius
393 2150 426 2184 en
438 2135 565 2185 versibus
581 2149 666 2200 prope
682 2132 756 2184 mille
770 2139 798 2185 et
812 2135 1008 2203 septingentis,
1022 2151 1092 2200 quae
1106 2135 1297 2200 antiquissima
1309 2136 1486 2200 superstitum
1505 2141 1549 2187 est
1560 2137 1733 2200 ¹fabularum,
1752 2143 1779 2188 et
1791 2139 1852 2189 reli-

169 2204 333 2267 compositae
344 2201 489 2267 longitudo
501 2201 647 2253 ostendere
663 2201 786 2253 videtur:
804 2218 866 2252 nam
879 2209 994 2268 quartae
1022 2204 1083 2268 quis
1095 2203 1220 2254 omnibus
1236 2219 1322 2269 usque
1335 2204 1370 2253 ad
1384 2210 1533 2254 extremum
1549 2207 1624 2255 vitas
1637 2220 1736 2255 annum
1749 2207 1784 2256 ab
1798 2207 1851 2256 Eu·

169 2269 371 2336 tetralogiarum
388 2269 515 2331 fabulae,
538 2275 670 2334 quantum
693 2285 726 2320 ex
742 2269 882 2321 Alcestide
903 2279 932 2322 et
944 2270 995 2336 Cy·
1021 2271 1110 2336 ripide
1123 2272 1244 2336 scriptis,
1256 2279 1288 2323 ut
1300 2273 1325 2322 si
1335 2271 1443 2323 Rhesus
1456 2287 1536 2337 quem
1548 2287 1620 2322 nunc
1632 2271 1763 2324 habemus
1775 2274 1853 2324 Euri-

169 2337 240 2403 clope
259 2338 355 2403 colligi
372 2343 476 2404 potest,
499 2337 640 2389 breviores
659 2338 744 2388 tuisse
763 2339 893 2388 videntur
913 2354 994 2402 quam
1021 2339 1154 2405 pidis'sit,
1171 2341 1284 2391 ineunte
1297 2344 1406 2404 aetate,
1421 2355 1501 2406 quum
1516 2340 1626 2391 fabulas
1639 2340 1737 2391 docere
1749 2342 1851 2407 incipe·

168 2412 220 2457 tres
232 2421 304 2471 quae
318 2405 516 2471 praecederent
528 2405 699 2471 tragoediae.
733 2406 819 2456 Porro
831 2407 904 2457 inter
917 2407 994 2457 fabu-
1022 2415 1064 2458 ret
1075 2408 1222 2472 Euripides
1240 2406 1350 2473 (olymp.
1367 2409 1416 2472 81',
1430 2409 1473 2472 1.),
1492 2409 1613 2473 scriptus
1629 2408 1726 2460 haberi
1738 2410 1852 2461 debeat:

168 2473 206 2523 las
222 2488 361 2536 numerum
379 2475 411 2525 ts
425 2473 765 2542 fabularum,excedentes
777 2473 890 2526 Σκύλλα
907 2469 993 2526 fuisse
1022 2490 1176 2542 quanquam
1193 2475 1238 2526 val
1257 2477 1297 2526 sic
1313 2476 1401 2527 maior
1419 2481 1535 2542 apparet
1557 2476 1752 2528 dissimilitudo
1773 2493 1852 2544 quam

168 2542 250 2593 videri
262 2546 368 2608 potest,
386 2541 420 2592 de
433 2557 487 2606 qua
499 2543 539 2592 ita
557 2541 853 2607 loquiturAristotelas
870 2546 902 2592 ut
913 2543 994 2594 Euri·
1022 2559 1091 2608 quae
1108 2542 1158 2594 ulli
1174 2542 1257 2596 simili
1274 2545 1345 2594 alius
1359 2549 1456 2609 poetae
1475 2545 1600 2610 exemplo
1620 2546 1774 2610 comparari
1791 2561 1853 2612 pos·

168 2609 234 2675 pidia
247 2626 324 2670 eam,
342 2626 396 2661 uon
415 2609 486 2661 alius
502 2612 605 2674 tragici
623 2611 745 2661 tabulam
763 2626 824 2661 esse
843 2610 935 2662 dicere
952 2613 992 2663 vi·
1022 2613 1066 2664 sit.
1095 2613 1276 2674 Quamobrem
1289 2612 1456 2677 probabilior
1467 2612 1651 2663 Valckenarii
1663 2615 1800 2664 sententia
1814 2614 1853 2665 vi·

169 2677 260 2729 deatur
277 2680 355 2729 Post.
373 2693 395 2728 ο.
417 2682 457 2732 15.
474 2676 534 2730 ἔστι
550 2677 583 2729 δὲ
599 2677 773 2742 παράδειγμα
790 2675 926 2744 πονηρίας
943 2677 995 2742 μέν
1022 2679 1111 2740 όοιιιι,
1125 2681 1172 2745 qui
1184 2681 1213 2731 in
1226 2679 1386 2732 doctissima
1399 2679 1434 2730 de
1445 2679 1535 2731 Rheso
1549 2679 1737 2747 disputatione
1751 2681 1851 2746 (Diatr.

167 2745 246 2809 ἤθους
258 2745 298 2809 μή
311 2743 463 2808 ἀναγκαίου
476 2745 493 2796 δ
506 2743 652 2808 Μενέλαος
665 2743 681 2798 ό
694 2743 778 2812 ἐντῷ
794 2743 926 2834 Ὀρέστη,
943 2749 995 2799 τού
1021 2749 1116 2812 Eurip.
1135 2764 1161 2812 p.
1173 2745 1335 2812 88-114.),
1353 2748 1473 2814 repetita
1490 2749 1524 2799 ab
1541 2764 1583 2800 me
1601 2749 1630 2798 in
1646 2750 1747 2800 Aunot.
1766 2748 1853 2801 Oxou.

167 2812 195 2864 δέ
209 2812 354 2879 ἀπρεποῦς
371 2814 416 2864 καί
434 2814 471 2878 μὴ
488 2811 680 2878 ἁρμόττοντος
697 2813 712 2866 ό
729 2827 761 2865 τε
778 2813 880 2878 θρῆνος
906 2814 993 2868 Οδυσ-
1022 2833 1047 2882 ρ.
1061 2817 1205 2868 bot—hid.
1217 2816 1340 2867 tabulam
1352 2816 1432 2878 hanc,
1445 2817 1571 2880 quamvis
1584 2817 1699 2868 Athenis
1711 2818 1852 2884 scriptam,

168 2879 235 2943 σέως
252 2880 286 2934 ἐν
298 2885 334 2948 τῇ
347 2880 474 2948 Σκύλλη,
492 2881 538 2932 καί
555 2881 572 2943 ἠ
590 2883 642 2946 τῆς
655 2879 842 2946 Μελανίππης
859 2881 945 2947 ῥῆσις.
968 2888 996 2934 et
1022 2890 1113 2935 tamen
1126 2884 1262 2949 Euripide
1275 2883 1360 2935 nihilo
1376 2884 1528 2949 digniorem
1547 2899 1628 2950 quam
1644 2884 1778 2949 Sophocle
1792 2901 1854 2938 esse

168 2967 187 3000 c.
198 2952 237 3002 26,
256 2947 285 3001 ol
297 2950 401 3014 φαύλοι
412 2947 533 3016 αὐληταί
546 2948 717 3014 κυλιόμενοι,
734 2949 769 3002 όν
781 2948 877 3002 δίσκον
889 2949 938 3017 δέη
952 2966 993 3014 μι-
1022 2953 1220 3018 pronuntiavit,
1238 2953 1267 3001 in
1280 2951 1369 3003 medio
1382 2952 1542 3018 relinquens
1555 2968 1571 3002 a
1585 2968 1637 3018 quo
1649 2957 1678 3002 et
1690 2967 1745 3018 qua
1758 2959 1852 3004 aetate

139 3041 142 3048 »
168 3017 280 3083 μεῖσθαι,
298 3017 344 3069 καί
357 3016 488 3078 ἕλκοντες
502 3017 555 3069 τόν
567 3020 737 3085 κορυφαίαν,
756 3017 791 3070 όν
808 3017 937 3070 Σκύλλαν
950 3018 995 3070 οὐ·
1022 3020 1189 3086 scriptasit:
1209 3019 1243 3069 de
1261 3034 1314 3088 quo
1327 3027 1425 3084 postea
1442 3021 1491 3070 alii
1506 3020 1563 3070 alia
1576 3023 1763 3085 coniecemnt,
1780 3023 1854 3072 inter

168 3085 257 3137 λάισιν.
293 3086 407 3138 Ovidius
424 3086 509 3137 Trist.
525 3088 550 3150 2,
571 3089 630 3139 393.
649 3090 725 3152 impia
743 3103 790 3136 nec
807 3089 919 3152 tragicos
937 3090 994 3138 teti·
1023 3103 1090 3154 quos
1114 3089 1289 3139 Hermannus
1313 3088 1366 3138 luit
1389 3089 1429 3148 (in
1453 3087 1561 3139 dissert.
1582 3087 1615 3138 de
1636 3088 1728 3139 Rheso
1750 3088 1852 3155 Opusc.

167 3156 241 3220 gisset
259 3154 347 3220 Scylla
364 3153 515 3217 cothurnus,
539 3153 543 3219 Ι
559 3157 587 3205 ui
602 3158 712 3220 patrium
729 3157 824 3206 minem
841 3158 995 3206 desecuisset
1022 3157 1076 3208 rol.
1088 3159 1112 3208 3.
1130 3173 1154 3222 ρ.
1169 3158 1219 3207 ‘262
1230 3153 1334 3222 seqq),
1352 3156 1397 3206 cui
1409 3155 1444 3206 ab
1457 3155 1641 3208 Alexandrino
1653 3162 1737 3222 poeta
1750 3158 1853 3223 scripta

167 3239 240 3273 umor.
271 3221 368 3287 Scylla
380 3229 472 3273 tamen
485 3237 566 3288 quum
579 3222 727 3274 secundum
739 3223 927 3274 Stesichorum
939 3225 995 3290 (ap.
1024 3240 1084 3275 esse
1097 3223 1253 3288 videbatur,
1271 3239 1354 3289 aqua
1367 3226 1496 3290 opinione
1510 3224 1659 3288 prudenter
1673 3225 1725 3276 sibi
1739 3233 1854 3276 caverat

167 3289 247 3341 schol.
260 3289 351 3356 Apoll.
363 3291 413 3342 Ru.
425 3293 456 3352 4,
473 3293 531 3342 828.
550 3299 578 3342 et
590 3291 720 3344 Eustath.
737 3307 763 3356 p.
777 3293 856 3354 1714,
869 3289 924 3356 θθ.)
941 3292 993 3342 La·
1022 3291 1238 3355 Valckenarius,
1256 3307 1337 3356 quum
1348 3291 1535 3343 Alexandrina
1548 3292 1660 3343 fabulae
1674 3294 1852 3359 erigensque

166 3359 234 3408 miae
258 3360 349 3409 mat'es
372 3357 470 3422 suerit,
496 3375 549 3409 nou
572 3359 762 3425 improbabilis
787 3364 829 3411 est
852 3359 994 3410 Welclceri
1024 3361 1228 3426 exipsacertis
1245 3360 1354 3410 indiciis
1372 3359 1556 3410 demonstrari
1572 3361 1672 3425 possit,
1689 3377 1740 3411 nec
1759 3375 1807 3427 per
1824 3375 1852 3412 se

168 3424 203 3491 (ρ.
223 3427 294 3486 528.)
322 3427 413 3492 opinio
436 3424 566 3478 Σκύλλαν
587 3427 759 3493 tragoediam
781 3443 835 3478 nou
856 3427 994 3480 diversam
1022 3428 1179 3480 verisimilis
1196 3429 1241 3480 sit.
1277 3427 1346 3478 Nam
1364 3429 1389 3477 si
1405 3443 1421 3478 a
1439 3434 1522 3493 poeta
1538 3427 1725 3479 Alexandrino
1746 3445 1849 3496 compo·

168 3493 248 3545 inisse
262 3495 299 3544 ah
312 3493 417 3553 Lamia,
431 3509 510 3559 quarn
524 3511 557 3546 ex
569 3497 652 3544 trium
664 3497 841 3560 scriptorum,
855 3497 903 3561 qui
914 3497 994 3547 unius
1023 3498 1077 3546 sita
1094 3496 1210 3560 fuisset,
1227 3495 1274 3547 vix
1291 3495 1342 3546 hoc
1363 3495 1492 3546 latuisset
1513 3497 1641 3560 antiquos
1658 3498 1853 3562 grammaticos

166 3563 250 3612 instar
266 3564 349 3612 testis
364 3569 442 3624 suut,
459 3563 627 3614 testimoniis
646 3565 784 3628 cognitam
800 3563 947 3628 hahemus,
965 3569 995 3614 ut
1023 3562 1236 3616 Alexandrinos:
1255 3563 1326 3613 illud
1339 3579 1404 3614 vero
1417 3563 1529 3614 facilius
1543 3564 1578 3614 iis
1591 3563 1718 3615 accidere
1732 3570 1850 3631 poterat,

167 3629 199 3679 ad
212 3631 310 3696 fragm.
324 3632 373 3681 475
385 3630 412 3684 b.
430 3630 602 3682 dictumest:
623 3632 669 3695 qui
682 3647 764 3695 quum
776 3633 868 3684 verbis
880 3637 995 3682 utantur
1022 3638 1053 3683 ut
1069 3631 1306 3694 Didascaliarum,
1325 3630 1358 3682 de
1377 3633 1474 3698 quibus
1487 3646 1569 3697 supra
1581 3632 1717 3694 dicebam,
1734 3633 1852 3684 auctori-

166 3695 194 3748 έν
205 3699 246 3764 τῷ
259 3699 313 3762 τῆς
324 3696 428 3760 Λαμίας
441 3696 590 3764 προλόγῳ,
609 3696 713 3761 Λαμίας
729 3714 828 3755 nomen
846 3715 892 3765 pro
908 3697 994 3752 Σκύλ-
1023 3706 1079 3750 tate
1104 3700 1214 3765 decepti
1236 3699 1357 3750 fabulam
1381 3715 1451 3764 quae
1473 3715 1534 3750 cum
1555 3700 1669 3765 reliquis
1684 3703 1853 3766 tragicorum

165 3765 213 3830 λης
224 3768 345 3831 positum
357 3781 417 3817 esse
430 3772 532 3832 potest.
568 3766 670 3818 Similis
687 3767 721 3818 de
733 3767 890 3818 Temenidis
903 3778 931 3818 st
943 3769 994 3819 Te·
1023 3768 1125 3820 sabulis
1145 3768 1262 3819 Athenis
1282 3767 1479 3819 Alexandriam
1502 3766 1595 3818 delata
1617 3775 1692 3820 esset
1713 3769 1852 3822 sinaulla

166 3849 240 3884 meno
261 3833 400 3885 dubitatio
422 3839 476 3896 est,
499 3850 567 3900 quae
586 3851 640 3886 non
661 3834 749 3899 liquet
770 3839 858 3886 utrum
880 3834 994 3886 duarum
1023 3836 1129 3887 fraudis
1142 3836 1194 3887 sibi
1208 3836 1302 3886 iactae
1315 3837 1473 3900 suspicione
1491 3836 1623 3900 legerent.
1649 3837 1851 3888 Novissimadc

166 3901 318 3953 fabularum
336 3917 370 3952 an
384 3901 494 3953 diversa
509 3904 590 3953 unius
614 3901 727 3954 fabulae
745 3905 855 3954 nomina
871 3905 941 3968 siut,
963 3910 994 3954 ut
1022 3905 1112 3956 Rheso
1134 3904 1287 3969 disputatio
1304 3904 1336 3954 F.
1355 3903 1549 3968 Hagenbachii
1566 3910 1609 3956 est
1626 3905 1755 3955 Basilsae
1777 3906 1852 3956 edita

165 3969 265 4020 dictum
282 3976 327 4021 est
344 3969 379 4021 sd
397 3971 578 4036 iragm.'142.,
597 3977 625 4021 et
642 3971 676 4021 de
694 3971 779 4037 Alope
798 3977 826 4023 et
843 3970 993 4038 Cercyone,
1022 3990 1046 4023 a.
1059 3974 1124 4023 1863
1138 3973 1183 4038 qui
1196 3973 1256 4036 ipse
1270 3987 1376 4038 quoque
1394 3973 1550 4038 opinionem
1567 3973 1735 4038 quorundam
1748 3973 1782 4024 de
1801 3973 1853 4024 ori·

166 4053 232 4102 quae
244 4038 357 4090 diversa
373 4037 453 4088 unius
471 4039 583 4090 tabulae
596 4039 707 4090 nomina
724 4055 787 4090 esse
805 4041 924 4090 coniecit
938 4040 994 4090 He·
1022 4041 1086 4106 gine
1099 4039 1284 4092 Alexandrina
1296 4039 1396 4090 reiecit
1404 4039 1581 4106 tabulamque
1594 4041 1665 4091 hane
1675 4055 1726 4090 nec
1739 4041 1852 4092 florente

90 4159 93 4166 ,
164 4105 263 4158 athius,
298 4106 427 4169 Denique
446 4105 613 4158 dubiumest
628 4112 719 4157 utrum
730 4106 994 4173 Rhesustragoedia
1021 4109 1175 4160 Atticorum
1189 4108 1852 4175 artescenicanecpsullopost,sedpaulloante

165 4189 210 4237 pro
222 4189 279 4225 nna
291 4190 328 4224 an
342 4173 447 4224 duabus
458 4174 563 4225 fabulis
571 4181 714 4225 numerata
724 4176 817 4239 inerit,
830 4191 911 4241 quum
924 4177 994 4228 duae
1021 4176 1206 4227 Alexandrum
1219 4176 1304 4241 (circa
1314 4191 1401 4226 annos
1409 4175 1564 4240 360-340.)
1575 4179 1707 4241 scriptam
1717 4191 1778 4228 esse
1788 4193 1851 4228 con-

166 4243 323 4293 exstiterint
340 4242 453 4292 fabulae
470 4242 522 4293 hoc
537 4243 646 4294 nomine
663 4244 829 4308 inscriptae,
847 4244 936 4294 altera
947 4259 994 4311 ge·
1015 4243 1101 4295 iecit:
1139 4259 1174 4294 uo
1187 4251 1322 4309 ternpore,
1339 4258 1420 4308 quum
1433 4245 1515 4295 unius
1527 4244 1646 4310 exempli
1657 4244 1784 4296 imitandi
1796 4251 1854 4296 stu·

164 4311 260 4371 nuina,
279 4309 369 4361 altera
388 4310 511 4375 Euripidi
529 4312 686 4376 supposita,
703 4326 817 4376 quarum
834 4317 949 4377 utraque
967 4314 994 4362 in
1023 4311 1096 4363 dium
1118 4260 1260 4374 desiisset,
1290 4313 1409 4363 fumasse
1430 4317 1514 4378 poeta
1535 4313 1635 4376 aliquis
1655 4312 1774 4364 obsoleti
1798 4313 1852 4364 iam

164 4377 280 4429 iudicem
302 4377 457 4428 fabularum
479 4377 577 4428 referri
598 4381 701 4444 potuit,
741 4379 949 4431 uemadmodum
966 4382 995 4430 in
1023 4380 1203 4446 enervatique
1225 4381 1335 4444 generis
1352 4379 1497 4444 Euripidei
1519 4385 1547 4430 et
1563 4378 1724 4430 volubilium
1740 4379 1852 4432 levium·

163 4445 294 4512 Aeschyli
308 4445 463 4496 fabularum
480 4446 607 4512 catalogo
624 4448 714 4497 veteri
723 4395 826 4514 ίιιιρια
838 4464 864 4513 ρ.
876 4447 911 4510 3.)
930 4443 995 4499 Αίτ-
1023 4464 1076 4513 que
1093 4464 1264 4500 numerorum
1287 4447 1380 4499 taedio
1406 4453 1504 4512 captus
1521 4448 1611 4498 animo
1633 4447 1668 4498 ad
1686 4450 1852 4514 gravitatem

164 4517 236 4565 νάιοι
248 4512 361 4578 γνήσιοι
378 4519 407 4564 et
419 4510 546 4565 Αίτναῑαι
558 4513 638 4566 νόθοι
655 4530 704 4580 pro
716 4515 823 4566 duabus
834 4521 995 4567 numeratae
1022 4515 1097 4566 illam
1121 4518 1367 4581 strenuitatemque
1391 4516 1494 4566 veteris
1517 4515 1692 4580 tragoediae,
1722 4517 1851 4582 Aeschyli

165 4589 226 4632 sunt
238 4582 352 4633 fabulis.
387 4581 457 4633 llam
469 4583 590 4634 Rhesum
609 4584 643 4635 ab
656 4583 789 4648 Euripide
807 4585 939 4650 scriptam
951 4600 995 4634 ex·
1023 4584 1139 4634 maxime
1153 4589 1182 4634 et
1194 4583 1346 4650 Sophoclis,
1362 4598 1496 4636 converso
1509 4583 1631 4634 fabulam
1644 4599 1724 4648 quarn
1736 4587 1851 4636 nuncin

163 4651 267 4701 stitisse
281 4650 436 4701 certissima
449 4655 559 4701 constat
571 4650 795 4704 Didascaliarum
810 4651 877 4716 fide,
895 4653 922 4702 iu
937 4653 995 4717 qui·
1022 4653 1148 4704 manibus
1160 4652 1294 4703 habemus
1306 4653 1456 4716 scripserit.
1480 4651 1558 4716 Quod
1568 4667 1601 4702 ve
1635 4667 1661 4702 m
1674 4667 1735 4702 esec
1748 4658 1851 4718 potest,

162 4718 213 4768 bus
225 4713 375 4783 Εὐριπίδου
386 4715 484 4783 Ῥῆσος
495 4718 599 4782 fabula,
610 4726 780 4770 nonconstat
791 4720 841 4770 sub
851 4735 904 4786 quo
914 4736 994 4780 auno,
1022 4721 1071 4770 sed
1088 4735 1186 4788 ,verum
1208 4735 1269 4770 esse
1291 4719 1472 4771 demonstrari
1488 4720 1596 4784 nequit,
1629 4720 1686 4770 icet
1705 4721 1734 4770 in
1757 4720 1851 4772 fabula

165 4786 197 4836 ab
218 4787 407 4851 grammaticis
429 4786 624 4837 Alexandrinis
645 4792 755 4851 reperta
776 4788 839 4843 fuit.
877 4789 920 4838 Ex
942 4803 995 4852 quo
1023 4789 1084 4854 ipsa
1096 4788 1166 4839 nihil
1178 4789 1215 4838 eit
1228 4788 1299 4852 quod
1312 4788 1374 4839 huie
1388 4789 1542 4840 sententiae
1555 4787 1656 4838 obstet.
1691 4789 1788 4854 Neque
1800 4789 1856 4846 hoc,

163 4859 254 4906 umen
278 4871 333 4904 non
358 4854 483 4918 sequitur
506 4855 629 4905 tabulam
653 4856 828 4920 superstitem
849 4857 995 4921 genuinam
1023 4856 1122 4921 liquet,
1146 4862 1236 4906 utrum
1253 4855 1361 4908 Rhesus
1378 4857 1408 4906 in
1424 4855 1535 4906 theatro
1547 4854 1707 4906 Atheniensi
1725 4856 1770 4907 vel
1783 4856 1851 4910 alibi

164 4937 236 4985 esse,
257 4937 340 4987 quum
357 4923 494 4988 genuinae
515 4923 544 4972 iu
562 4921 739 4974 Didascaliaa
760 4922 866 4974 relatae
888 4923 945 4974 alia
960 4924 995 4974 ab
1022 4939 1143 4988 unquam
1161 4932 1226 4976 acta
1242 4925 1328 4975 luerit
1340 4940 1375 4974 an
1388 4923 1552 4985 nominarit,
1570 4923 1620 4974 sed
1636 4924 1709 4975 inter
1724 4923 1851 4987 δράματα

163 4988 216 5040 alio
228 4995 315 5056 poeta
332 4995 395 5056 post
410 4995 524 5040 mortem
535 4991 677 5056 Euripidis
696 4991 849 5042 substituta
861 5007 921 5042 esse
934 5007 996 5057 pos·
1022 4989 1155 5044 ἀδίδακτα
1167 4992 1318 5056 delituerit,
1331 4991 1424 5057 qualia
1436 5007 1490 5040 nou
1502 5005 1590 5056 pauca
1602 4997 1631 5042 et
1643 4993 1810 5058 tragicorum
1824 4999 1852 5044 et

163 5059 207 5122 sit,
223 5057 452 5124 quemadmodum
464 5057 594 5124 Aeschyli
605 5055 746 5120 Αἰτναίαις
757 5057 881 5125 γνησίοις
893 5061 927 5110 ab
941 5058 997 5111 alio
1023 5061 1185 5112 comicorum
1206 5066 1349 5126 poetarum
1371 5061 1491 5110 fuerunt.
1525 5059 1586 5109 Duo
1604 5060 1650 5124 qui
1671 5058 1852 5114 imitantium

1023 5128 1135 5180 fabulae
1152 5133 1335 5180 memorantur
1351 5127 1456 5193 prologi
1472 5127 1597 5180 versibus
1619 5129 1736 5180 senariis
1753 5130 1853 5194 scripti

211 5193 236 5257 ⁸)
255 5194 452 5260 Aristophanis
463 5195 594 5260 Byzantii
606 5195 640 5245 de
653 5194 793 5246 Alcestide
807 5202 836 5247 et
846 5196 944 5248 Oreste
957 5197 996 5246 iu·
1023 5213 1040 5248 a
1054 5197 1152 5262 quibus
1170 5203 1198 5247 et
1215 5212 1270 5261 qua
1283 5200 1377 5247 aetate
1396 5201 1424 5246 et
1436 5210 1489 5260 quo
1507 5196 1623 5246 consilio
1641 5196 1736 5261 scripti
1748 5196 1852 5248 inerint

162 5260 263 5313 dicium
284 5262 383 5314 iisdem
402 5263 431 5312 in
451 5265 595 5329 utriusque
617 5263 729 5315 fabulae
750 5262 883 5317 ὑποθέσει
904 5265 997 5316 verbis
1023 5266 1168 5316 nescimus.
1203 5266 1257 5328 Qui
1269 5262 1375 5330 prologi
1388 5264 1413 5315 si
1425 5264 1743 5328 anapaestis,aquibus
1755 5264 1853 5316 fabula

162 5331 302 5394 proditum
315 5335 367 5394 est,
378 5329 413 5382 τό
425 5329 455 5382 δὲ
465 5329 555 5395 δρᾶμα
567 5331 770 5397 κωμικωτέραν
781 5331 838 5395 ἔχει
849 5332 905 5396 τὴν
913 5346 996 5384 κατα·
1022 5334 1131 5398 incipit,
1152 5334 1296 5398 praemissi
1313 5333 1437 5397 fuenmt,
1458 5337 1490 5383 ut
1505 5331 1628 5396 videtur,
1650 5335 1758 5397 aptiore
1776 5341 1852 5384 certe

163 5395 996 5534 tittltzrtllttlttl⁸lt²tt¹¹tantistiit
1023 5400 1322 5532 tristitiis
1342 5398 1853 5535 tlttttisslttttltttt,iili

162 5533 237 5598 παρά
248 5535 315 5586 τῶν
326 5537 467 5598 τραγικῶν
479 5535 552 5600 (τοῖς
562 5505 703 5600 τρογικοίς
715 5535 774 5588 cod
785 5485 889 5602 Ηιιάιι.)
901 5535 996 5600 ἑκβάλ-
1023 5539 1168 5604 perinepto
1180 5537 1284 5588 illatus.

164 5599 262 5655 λεσθαι
276 5602 346 5653 άὶαίι
359 5599 398 5664 ὼς
410 5600 534 5656 άνοίκεια
547 5606 597 5668 τῆς
609 5616 662 5668 τρα
681 5603 774 5670 ῳδίας,
795 5603 833 5668 ὼς
846 5603 876 5656 ἐκ
887 5619 997 5670 συμφο·
1072 5609 1240 5672 Argumenta
1251 5619 1321 5669 quse
1334 5605 1364 5654 in
1376 5605 1477 5658 fabulis
1490 5607 1547 5657 suis
1559 5605 1708 5656 tractanda
1717 5606 1771 5658 sibi
1783 5622 1853 5657 sum·

162 5671 211 5732 ρδς
229 5670 283 5734 μὲν
300 5668 455 5736 ἀρχόμενα,
478 5669 518 5735 είς
535 5617 712 5729 εὐδαιμονίαν
729 5671 760 5724 δέ
781 5673 931 5738 καΙ”χαράν
948 5672 996 5737 λή-
1023 5673 1062 5723 sit
1077 5671 1240 5738 Euripides,
1263 5675 1362 5738 partim
1380 5688 1413 5724 ax
1429 5673 1506 5738 cyclo
1527 5673 1607 5740 spico
1625 5675 1725 5738 partim
1742 5673 1852 5726 aliunde

162 5735 264 5802 ξαντα,
281 5737 372 5790 άὲστι
385 5739 491 5803 μᾶλλον
504 5737 653 5808 κωμῳδίας
665 5738 795 5806 ἐχόμενα.
1024 5741 1127 5806 petita,
1145 5756 1243 5807 magno
1257 5741 1400 5792 doctrinas
1412 5745 1549 5808 apparatu
1560 5741 1711 5794 illustravit
1723 5741 1852 5793 Welcke-
