4338 6612
490 1505 1061 1604 ΣΟοΟκκυΟνΣ
1114 1479 1522 1648 ΗΛΕΚΤΡΑ.

866 1779 1134 1788 ...---—-—-—-——-

581 1982 650 2058 TA
697 1980 803 2057 ΤΟΤ
845 1980 1122 2056 ΔΡΑΜΑἸὈΣ
1174 1978 1436 2062 ΠΡΟΣΩΠΑ.

631 2187 875 2240 ΠΑΙΔΑΙὩΓΟΣ.
905 2204 907 2210 ’
1051 2185 1301 2239 ΧΡΤΣΟΘΕΜΙΣ.

632 2273 812 2325 ΟΡΕΣΤΗΣ.
1050 2269 1380 2323 ΚΛΤΤΑΙΜΝΗΣΤΡΑ.

632 2359 818 2410 ΗΛΕΚΤΡΑ.
1049 2355 1231 2410 Ammon.

632 2443 763 2495 ΧΟΡΟΣ.

906 2683 1104 2692 ..m-

830 2882 1185 2978 κΠΟΟρΣιΣ.

245 3089 425 3172 Ὑπόκειται
452 3085 529 3153 ὧδε·
566 3087 707 3168 τροφεὺς
736 3088 860 3167 δεικνύς
887 3093 933 3171 τῷ
956 3087 1091 3172 Ὀρέστῃ
1120 3086 1159 3150 τὰ
1187 3085 1223 3150 ἐν
1250 3085 1363 3164 Ἄργει.
1411 3083 1521 3162 μικρὸν
1552 3082 1613 3161 γὰρ
1640 3082 1739 3148 αὑτὸν
1768 3043 1856 3146 ὄντα

159 3193 312 3272 κλέψασα
334 3191 353 3270 ἡ
377 3191 544 3269 Ἠλέκτρα,
571 3188 663 3268 ἡνίκα
685 3189 704 3253 6
726 3191 831 3270 πατὴρ
853 3189 1026 3270 ἐσφάζετο,
1049 3189 1167 3254 δέδωκε
1189 3193 1235 3272 τῷ
1258 3189 1383 3267 τροφεῖ,
1406 3184 1591 3266 φοβουμένη
1614 3187 1654 3263 μὴ
1677 3186 1727 3249 καὶ
1748 3185 1847 3249 αὐτόν

159 3295 355 3374 φονεύσωσι
377 3294 439 3361 σὺν
461 3298 507 3378 τῷ
529 3291 632 3370 πατρί.
1272 3289 1275 3301 ’
1405 3313 1407 3316 -

906 3517 1009 3526 .-,...-.-
1024 3516 1102 3522 ...--.

857 3717 1153 3794 ΑΛΛΩΣ.

245 3923 395 4006 Τροφεύς
428 3925 518 3990 ἐστιν
546 3926 565 3990 6
594 3922 797 4004 προλογίζων
825 3921 1007 4003 πρεσβύτης
1034 3920 1240 3998 παιδαγωγὸς
1270 3917 1289 3983 6
1317 3915 1527 3995 ὑποκείμενος
1556 3915 1606 3979 καὶ
1634 3914 1848 3993 ὑπεκθέμενος

155 4029 215 4092 τὸν
241 4026 397 4106 Ὀρέστην
421 4026 466 4106 εἰς
489 4029 545 4107 τήν
569 4026 698 4092 Φωκίδα
719 4027 804 4106 πρὸς
828 4025 990 4106 Στρόφιον
1012 4025 1063 4088 καὶ
1084 4022 1276 4100 ὑποδεικνὺς
1299 4019 1386 4104 αὐτῷ
1406 4020 1445 4084 τὰ
1460 4019 1495 4084 έν
1511 4018 1625 4097 Ἄργει.
1663 4017 1773 4096 μικρὸν
1788 4017 1849 4095 γὰρ

156 4130 262 4195 αὑτὸν
285 4125 407 4210 κλέψας
429 4131 465 4194 έκ
485 4133 543 4196 τοὺ
566 4129 704 4208 Ἄργους
727 4128 745 4193 6
769 4129 976 4206 παιδαγωγὸς
1000 4125 1119 4207 ἔφυγεν
1142 4125 1192 4189 καὶ
1213 4124 1265 4188 διὰ
1286 4121 1407 4190 εἴκοσιν
1430 4121 1513 4186 ἐτῶν
1535 4119 1721 4186 ἐπανελθὼν
1744 4118 1789 4197 εἰς
1811 4117 1848 4181 τὸ

154 4232 280 4311 Ἀργος
302 4234 367 4311 μετ
388 4232 489 4298 αὑτοὺ
511 4230 672 4297 δείκνυσιν
695 4230 782 4315 αὐτῷ
805 4231 844 4295 τὰ
867 4230 901 4296 ἐν
923 4230 1037 4309 Ἄργει.

249 4331 296 4419 [Ἡ
331 4335 430 4414 σκηνὴ
460 4338 518 4398 τοὺ
545 4334 707 4412 δράματος
734 4332 896 4397 ὑπόκειται
925 4331 960 4397 ἐν
989 4331 1102 4410 Ἄργει.
1146 4327 1165 4393 6
1192 4328 1228 4392 δέ
1255 4327 1356 4407 χορὸς
1385 4324 1581 4403 συνέσπχκεν
1610 4317 1642 4390 έξ
1669 4321 1849 4402 ἐπιχωρίων

153 4437 342 4516 παρθένων.
373 4436 561 4515 ’προλογίξει
583 4437 618 4499 δὲ
641 4433 659 4500 6
682 4435 888 4513 παιδαγωγὸς
914 4432 1093 4515 Ὀρέσταο]
1299 4423 1302 4430 ’

950 4692 970 4699 »4
992 4691 1021 4698 --
1043 4688 1130 4699 -o---n

454 4909 701 4969 IIAIAAI'SZI'OS.
1004 4911 1006 4967 Ι
1103 4905 1221 4980 φάσκειν
1240 4903 1375 4978 Μυκήνας
1392 4913 1442 4976 τάς
1460 4905 1654 4978 πολυχρύσους
1671 4911 1747 4978 όρόν,

244 4989 281 5044 Ὠ
299 4991 348 5045 τοὺ
367 4991 616 5058 στρατηγήσαντος
634 4992 664 5044 ἐν
682 4989 768 5058 Τροίᾳ
786 4983 857 5043 ποτέ
1004 5019 1006 5069 3
1103 4989 1286 5055 πολύφθορόν
1302 5005 1334 5041 τε
1352 4989 1431 5053 δῶμα
1448 4988 1616 5042 Πελοπιδῶν
1632 4989 1707 5054 τόδε,
1827 4995 1850 5040 ῶ

245 5067 451 5132 Ἀγαμέμνονος
469 5071 527 5133 παῖ,
546 5069 598 5120 νύν
617 5067 699 5120 ἐκεῖν’
716 5065 806 5120 ἔξεστί
823 5079 866 5119 σοι
1004 5110 1006 5119 .
1102 5069 1169 5122 όθεν
1187 5079 1220 5119 σε
1239 5067 1345 5131 πατρὸς
1364 5065 1393 5118 ἐκ
1411 5071 1511 5132 φονῶν
1529 5065 1584 5129 ἐγῶ
1604 5081 1674 5118 ποτε

245 5143 365 5208 παρόντι
384 5143 523 5207 λεύσσειν,
544 5142 586 5195 ῶν
604 5143 746 5209 πρόθυμος
764 5141 829 5206 ἦσθ’
847 5140 897 5193 ἀεί.
1003 5132 1006 5206 l
1104 5143 1175 5209 πρὸς
1193 5146 1243 5208 σῆς
1261 5139 1378 5204 ὁμαίμου
1397 5143 1441 5192 καί
1459 5141 1628 5207 κασιγνήτης
1646 5141 1740 5204 λαβὼν

243 5219 349 5284 τὸγὰρ
367 5221 485 5272 παλαιὸν
503 5220 605 5286 Ἀργος
622 5220 752 5282 οὑπόθεις
769 5218 844 5280 τόδε,
1004 5207 1006 5307 ζ
1102 5219 1207 5285 ἤνεγκα
1224 5217 1369 5270 κάξέσωσα
1387 5217 1598 5283 κάξεθρεψάμην

242 5297 296 5360 τῆς
313 5293 517 5362 οἰστροπλῆγος
536 5295 620 5360 όλσος
639 5295 744 5361 Ἰνάχου
762 5295 857 5362 κόρης·
980 5307 993 5346 5
1103 5293 1215 5347 τοσόνδ’
1233 5292 1261 5356 ές
1279 5295 1355 5359 ἥβης,
1375 5294 1460 5358 πατρί
1478 5293 1601 5358 τιμωρὸν
1619 5292 1720 5357 φόνου.

243 5371 316 5436 αύτη
334 5370 366 5434 δ’,
386 5371 513 5438 Ὀρέστα,
531 5375 582 5426 τού
601 5372 773 5425 λυκοκτόνου
792 5373 858 5423 θεοῦ
1004 5362 1007 5389 ’

244 5445 334 5512 ἀγορά
352 5445 477 5510 Λύκειος·
496 5447 544 5501 οὑξ
563 5448 709 5514 ἀριστερᾶς
726 5447 751 5498 δ’
768 5447 815 5498 ὅδε
1021 5439 1169 5449 ““““““
1469 5469 1511 5506 ων

243 5523 333 5589 Ἥρας
351 5523 367 5574 6
385 5526 493 5587 κλεινὸς
511 5525 589 5589 ναός·
608 5523 636 5578 οἷ
653 5525 678 5577 δ’
695 5523 836 5588 ἱκάνομεν,
1089 5527 1127 5575 10.
1154 5519 1335 5588 Πελοπιδῶν]
1366 5522 1534 5587 πελοπιδαν,
1563 5537 1604 5573 ων
1622 5540 1639 5572 a
1657 5539 1690 5573 m.
1711 5540 1750 5588 pr.

1023 5595 1060 5642 ll.
1087 5593 1186 5656 φονῶν
1204 5589 1251 5656 Ι).]
1270 5590 1371 5655 φόνων
1471 5596 1511 5642 14.
1533 5591 1656 5656 τιμωρὸν
1678 5587 1785 5656 φόνου]
1812 5606 1850 5641 τι-

1021 5663 1124 5724 μωρῶν
1150 5657 1259 5725 φθόνου
1286 5676 1341 5726 pn,
1373 5659 1422 5710 sed
1454 5667 1605 5711 correctum
1636 5676 1653 5710 ιι
1679 5677 1712 5710 m.
1740 5677 1778 5726 pr.
1806 5657 1851 5710 vel

229 5737 252 5788 1.
273 5725 531 5798 στρατηγήσοντος]
550 5743 593 5796 γρ,
612 5729 842 5795 τυραννήσαντος
860 5729 895 5781 ab
915 5729 941 5780 S.
1021 5729 1054 5780 ab
1073 5727 1101 5779 S.

149 5666 228 5676 -μι-
256 5663 312 5672 u-.—
