4216 6604
371 1545 1006 1644 ΕΥΡΙΠΙΔΟΥ
1090 1547 1536 1648 ΒΑΚΧΑΙ.

556 2137 625 2210 ΤΑ
652 2137 758 2212 ΤΟΤ
784 2137 1065 2214 ΔΡΑΜΑΤΟΣ
1092 2139 1347 2214 ΠΡΟΣΩΠΑ

593 2340 793 2394 ΔΙΟΝΤΣΟΣ.
950 2341 954 2443 ¹
1000 2340 1186 2394 ΘΕΡΑΠΩΝ.

593 2425 717 2476 ΧΟΡΟΣ
745 2425 904 2478 ΒΑΚΧΩΝ,
950 2458 952 2525 1
998 2427 1177 2479 ΑΓΓΕΛΟΣ.

591 2509 800 2561 ΤΕΙΡΕΣΙΑΣ,
950 2530 952 2611 η
998 2511 1144 2562 ΕΤΕΡΟΣ
1165 2511 1345 2564 ΑΓΓΕΛΟΣ.

590 2594 752 2645 ΚΑΔΜΟΣ.
998 2595 1133 2646 Arm.

591 2677 779 2729 ΠΕΝΘΕΤΣ.
949 2616 952 2724 ί

847 2951 1049 2960 ..ιι-...Ἥ

346 3201 375 3276 ι.
427 3200 832 3279 κΡιΣκοοΑινοκΣ
859 3203 1241 3280 ΓΡΑιιιιιΑτικοκ
1264 3181 1545 3281 κτιοοΕΣιΣ.

181 3401 352 3481 Διόνυσος
380 3403 596 3489 ἀποθεωθείς,
624 3407 665 3487 μὴ
689 3407 891 3487 βουλομένου
913 3407 1068 3485 Πενθέως
1090 3406 1130 3471 τά
1152 3405 1246 3486 ὄργια
1268 3405 1369 3470 αύτού
1392 3407 1643 3492 ἀναλαμβάνειν,
1672 3409 1718 3488 είς
1741 3429 1797 3488 μα-

95 3503 168 3568 νίαν
192 3504 325 3580 ἀγαγὼν
347 3506 404 3580 τάς
424 3510 483 3585 τῆς
505 3509 624 3588 μητρὸς
648 3507 810 3589 ἀδελφάς,
833 3507 995 3585 ἠνάγκασε
1017 3507 1145 3572 Πενθέα
1167 3511 1416 3585 διασπασθῆναι.
1461 3509 1480 3587 ἡ
1503 3511 1676 3589 μυθοποιία
1698 3513 1797 3575 κεῖται

94 3606 171 3684 παρ’
192 3605 343 3692 Αἰσχύλῳ
366 3607 401 3672 ἐν
422 3607 551 3673 Πενθεῖ.
599 3606 718 3694 [Schol.
741 3607 911 3694 Aristoph.
934 3607 1018 3672 Ran.
1040 3609 1092 3672 67.
1130 3609 1161 3673 αἱ
1190 3609 1387 3673 διδασκαλίαι
1416 3611 1556 3690 φέρουσι
1584 3611 1795 3689 τελευτήσαν-

93 3725 152 3784 τος
177 3707 352 3786 Εὐριπίδου
379 3710 437 3775 τὸν
467 3709 538 3775 υἱὸν
566 3703 667 3774 Ιιιιύτοῦ
695 3711 895 3790 δεδιδαχέναι
924 3709 1106 3791 ὁμωνύμως
1135 3711 1169 3775 ἐν
1193 3708 1284 3776 ἄστει
1313 3709 1501 3790 Ἰφιγένειαν
1527 3714 1587 3791 τήν
1610 3712 1645 3777 ἐν
1676 3711 1795 3795 Αὐλίδι,

90 3805 305 3887 Ἀλκμαίωνα,
330 3809 478 3894 Βάκχας]

177 3975 221 4040 Π.
268 3979 438 4046 Διόνυσον
461 3979 492 4046 οἱ
513 3981 737 4060 προσήκοντες
761 3977 820 4044 οὐκ
842 3980 973 4061 ἔφασαν
997 3979 1080 4045 εἶναι
1102 3981 1186 4045 θεόν.
1230 3980 1249 4043 ὁ
1273 3982 1308 4046 δὲ
1331 3979 1444 4060 αύτοῑς
1465 3981 1617 4060 τιμωρίαν
1634 3981 1795 4059 ἐπέστησε

89 4081 148 4158 τήν
177 4080 381 4158 πρέπουσαν.
432 4081 582 4162 ἐμμανεῖς
614 4081 676 4159 γὰρ
709 4081 843 4159 ἐποίησε
871 4081 930 4159 τὰς
959 4087 1025 4146 τῶν
1053 4080 1203 4160 Θηβαίων
1236 4084 1405 4166 γυναῖκας,
1440 4081 1488 4147 ιῙιν
1504 4082 1553 4146 Ιιαλ
1580 4087 1638 4148 τού
1668 4082 1794 4160 Κάδμου

88 4183 269 4261 θυγατέρες
291 4181 516 4264 ἀφηγούμενοι
538 4185 616 4261 τοὺς
639 4183 775 4260 θιάσους
798 4183 931 4261 είσῆγον
955 4182 1005 4246 ἐπί
1027 4182 1086 4248 τὸν
1104 4183 1289 4262 Κιθαιρῶνα.
1326 4184 1472 4262 Πενθεύς
1494 4186 1529 4248 δὲ
1550 4185 1642 4263 ὁτῆς
1658 4184 1795 4262 Ἀγαύης

88 4285 168 4360 παῖς
192 4285 391 4364 παραλαβὼν
413 4286 471 4363 τήν
494 4284 658 4364 βασιλείαν
680 4283 855 4365 ἐδυσφόρει
882 4286 951 4362 τοῖς
979 4285 1186 4367 γενομένοις,
1214 4285 1264 4349 καί
1286 4305 1376 4363 τινας
1399 4287 1456 4362 μὲν
1478 4291 1545 4351 τῶν
1569 4290 1695 4364 βακχῶν
1719 4288 1794 4350 συλ-

87 4385 203 4464 λαβὼν
233 4385 368 4463 ἔδησεν,
404 4385 454 4450 ἐπ’
484 4387 584 4453 αὐτὸν
613 4387 649 4451 δὲ
675 4385 734 4450 τὸν
756 4386 833 4450 θεὸν
855 4383 1016 4462 ἀγγέλους
1038 4385 1237 4450 ἀπέστειλεν.
1282 4385 1312 4449 οί
1336 4387 1370 4450 δὲ
1392 4385 1526 4464 ἑκόντος
1549 4386 1649 4450 αύτοῦ
1672 4387 1794 4466 κυριεύ-

86 4502 214 4564 σαντες
241 4485 323 4564 ἦγον
350 4488 434 4566 πρὸς
462 4489 522 4553 τὸν
543 4488 687 4564 Πενθέα,
724 4486 871 4565 κάκεῖνος
900 4487 1049 4551 ἐκέλευσε
1077 4487 1241 4564 δήσαντας
1269 4486 1369 4552 αύτόν
1402 4487 1500 4554 ἔνδον
1527 4487 1716 4571 φυλάττειν,
1754 4488 1794 4552 ού

85 4589 198 4664 λέγων
233 4587 336 4668 μόνον
368 4589 417 4653 ὅτι
450 4591 525 4667 θεὸς
553 4588 613 4654 οὐκ
640 4589 711 4654 ἔστι
732 4589 918 4671 Διόνυσος,
953 4586 1036 4653 ἀλλὰ
1063 4587 1113 4652 καί
1139 4587 1289 4667 πράττειν
1316 4587 1422 4654 πάντα
1450 4591 1497 4667 ὡς
1524 4590 1592 4653 κατ’
1618 4589 1795 4667 ἀνθρώπου

83 4692 229 4769 τολμῶν.
274 4689 293 4754 ὁ
321 4691 356 4754 δὲ
385 4691 522 4771 σεισμὸν
550 4692 693 4769 ποιήσας
715 4691 914 4769 κατέστρεψε
940 4691 980 4755 τά
1004 4689 1158 4769 βασίλεια.
1203 4689 1335 4766 ἀγαγὼν
1357 4691 1393 4754 δέ
1415 4689 1460 4770 εἰς
1485 4691 1663 4769 Κιθαιρῶνα
1685 4689 1795 4754 ἔπεισε

82 4793 145 4858 τάν
168 4791 303 4858 Πενθέα
328 4790 490 4870 κατόπτην
519 4792 671 4868 γενέσθαι
698 4799 764 4857 τῶν
786 4795 961 4870 γυναικῶν,
994 4791 1198 4870 λαμβάνοντα
1225 4792 1379 4869 γυναικὸς
1407 4791 1535 4869 ἐσθῆτα.
1579 4791 1611 4855 αἱ
1638 4791 1666 4855 δ’
1694 4791 1794 4856 αὐτὸν

82 4895 291 4975 διέσπασαν,
323 4895 382 4971 τῆς
409 4893 528 4973 μητρὸς
557 4893 693 4972 Ἀγαύης
721 4892 966 4972 καταρξαμένης.
1018 4891 1142 4970 Κάδμος
1172 4893 1208 4956 δὲ
1235 4891 1273 4955 τὸ
1300 4891 1439 4969 γεγονὸς
1472 4893 1726 4973 καταισθόμενος
1753 4893 1794 4956 τά

81 4995 335 5059 διασπασθέντα
366 4993 445 5073 μέλη
479 4997 674 5072 συναγαγὼν
706 4996 892 5058 τελευταῖον
925 4994 964 5057 τὸ
994 4993 1177 5072 πρόσωπον
1206 4993 1339 5071 ἐντοῖς
1366 4997 1424 5071 τῆς
1451 4995 1612 5073 τεκούσης
1639 4993 1794 5074 ἐφώρασε

81 5095 213 5176 χερσίν.
258 5090 427 5173 Διόνυσος
456 5098 492 5160 δὲ
515 5095 685 5176 ἐπιφανείς
706 5096 746 5159 τά
768 5096 825 5174 μὲν
848 5097 929 5160 πᾶσι
951 5095 1180 5177 παρήγγειλεν,
1208 5093 1333 5178 ἑκάστῳ
1362 5097 1397 5159 δὲ
1425 5094 1445 5157 ἃ
1468 5096 1666 5174 συμβήσεται
1688 5095 1793 5160 διεσά-

79 5215 216 5278 φησεν,
236 5194 292 5262 ίνα
313 5197 353 5277 μὴ
378 5195 486 5276 ἔργοις
508 5197 527 5276 ἢ
551 5197 662 5274 λόγοις
686 5196 749 5260 ὑπό
771 5216 861 5275 τινος
883 5201 949 5260 τῶν
970 5195 1062 5273 ἐκτὸς
1086 5196 1133 5273 ὡς
1155 5193 1331 5274 ἄνθρωπος
1353 5201 1592 5279 καταφρονηθῇ.

800 5521 846 5530 ιι..-
863 5521 1084 5531 .-—--·---

151 5791 325 5846 Ευιιιπιοιο.
