4372 6614
272 496 314 561 32
707 497 762 546 DE
787 494 947 548 METRIS
971 493 1205 548 POETARUM
1231 494 1515 548 SGENIGORUM.

273 663 402 699 versuum
415 662 470 698 nou
482 648 723 712 systematioorum
735 661 850 712 genere,
864 647 930 697 ibid.
945 648 985 698 60.
997 644 1106 698 έλεύθε-
1134 642 1235 712 rum,')
1253 645 1380 713 idemque
1393 647 1452 698 tere
1470 647 1504 698 de
1518 647 1653 713 Sophocle
1667 647 1828 712 dicendum,
1846 648 1923 698 cuins
1935 647 1965 696 in

272 729 321 780 ρος
332 715 386 780 γάρ
399 713 476 777 οὔτις
489 713 550 767 ἐστὶ
563 714 640 778 πλὴν
651 713 727 776 Διός.
762 715 804 764 Ea
817 719 910 766 autern
924 715 1012 766 forme
1026 731 1107 780 quum
1133 729 1190 764 una
1206 717 1273 765 adeo
1291 714 1399 780 fabula,
1418 730 1488 780 quae
1506 716 1686 782 superstitum
1703 717 1896 782 antiquissima
1914 719 1966 778 est,

272 800 325 834 uec
342 801 392 849 per
408 783 519 848 linguae
538 789 667 833 naturam
684 799 733 849 per
749 782 899 848 longiorem
918 798 1046 833 versuum
1063 799 1107 834 se·
1134 781 1287 847 Antigone,
1307 799 1341 833 ne
1354 798 1425 834 nnus
1438 783 1548 848 quidem
1564 785 1612 848 qui
1628 785 1663 834 ab
1680 787 1834 849 anapaesto
1850 784 1967 848 incipiat

273 855 341 903 riem
359 852 515 902 continuari
530 855 618 916 possit
638 867 689 901 nec
706 855 786 916 grata
803 850 982 902 audientibus
1003 857 1052 900 aut
1068 852 1107 902 le·
1136 851 1261 901 senarius
1278 851 1426 915 reperitur,
1449 855 1568 902 centena
1584 867 1647 903 vero
1666 851 1791 918 exempla
1809 855 1920 902 exstant
1936 851 1966 900 in

273 920 403 984 gentibus
422 919 506 982 toret,
526 919 614 970 tribus
635 919 723 969 modis
740 920 849 968 variata
867 923 922 981 est,
944 919 1030 983 primo
1048 935 1107 984 pro·
1134 917 1276 982 Euripidis
1290 918 1393 970 fabulis
1404 920 1468 969 inde
1482 921 1517 970 ab
1530 920 1737 984 antiquissima,
1755 919 1909 980 Alcestide,
1921 933 1964 968 us·
1986 948 1994 960 ·

273 987 358 1037 ducta
370 987 460 1052 primi,
473 987 551 1037 tertii
563 992 591 1035 et
603 986 693 1051 quinti
705 986 790 1036 iambi
803 987 941 1050 anacrusi,
957 986 975 1035 i.
990 1003 1013 1036 e.
1027 1002 1107 1051 spon·
1135 1000 1187 1049 qne
1201 985 1236 1034 ad
1249 991 1403 1051 postremas
1416 992 1479 1052 post
1491 993 1605 1038 mortem
1617 992 1716 1054 poetae
1730 987 1828 1038 editas.
1864 985 1965 1051 Sopho·

273 1054 324 1105 deo
337 1070 386 1120 pro
398 1055 490 1104 iambo
503 1055 608 1120 posito,
623 1053 721 1104 deinde
735 1050 821 1118 arsi')
834 1055 861 1102 in
875 1054 996 1119 quinque
1010 1055 1104 1119 primis
1135 1051 1186 1103 clia
1203 1059 1416 1118 anapaestorum
1432 1054 1513 1120 primi
1532 1055 1611 1119 pedis
1629 1055 1766 1120 exempla,
1783 1070 1865 1120 quum
1881 1055 1964 1103 nomi·

273 1122 391 1187 pedibus
403 1121 504 1184 soluta,
518 1121 591 1172 uude
604 1121 762 1172 tribrachus
775 1121 966 1186 proditcec,
979 1122 1008 1171 in
1021 1123 1107 1188 primo
1133 1135 1197 1171 num
1217 1121 1389 1186 propriorum
1405 1127 1463 1171 tum
1484 1122 1601 1172 aliorum
1620 1123 1828 1185 vocabulorum,
1854 1120 1965 1185 collegit

273 1195 302 1240 et
313 1191 397 1240 tertio
410 1189 537 1254 dactylus
549 1229 567 1238 -
578 1201 596 1238 α
607 1219 636 1249 υ,
649 1189 768 1253 denique
782 1189 925 1255 duplicata
935 1191 1016 1254 primi
1028 1190 1107 1255 pedis
1133 1187 1283 1239 Muellerus
1296 1205 1322 1254 p.
1337 1191 1478 1240 126-129.
1490 1191 1563 1240 inter
1575 1205 1647 1254 quac
1663 1205 1746 1240 unum
1764 1188 1891 1254 estquod
1903 1204 1965 1238 sna-

273 1259 413 1318 aneorum,
432 1258 452 1310 i.
466 1273 489 1311 e.
508 1256 626 1308 admisso
644 1259 673 1306 in
691 1257 861 1320 quibuslibet
880 1257 1023 1307 vocabulis
1041 1273 1107 1307 ena·
1133 1261 1259 1319 paesium
1277 1271 1310 1306 ex
1328 1255 1434 1307 duobus
1452 1257 1595 1308 vocabulis
1612 1260 1792 1322 compositum
1810 1258 1911 1307 habeat
1932 1271 1965 1306 ex

275 1329 389 1391 passio,
406 1339 467 1375 raro
480 1340 531 1374 nec
543 1324 597 1374 nisi
610 1324 638 1374 in
651 1324 809 1374 nominibus
822 1325 939 1388 propriis
951 1325 980 1374 iu
992 1324 1107 1389 reliquis
1133 1323 1303 1384 Philocteta,
1322 1339 1392 1388 quae
1406 1329 1547 1389 postrema
1563 1329 1606 1375 est
1619 1325 1774 1376 fabularum
1786 1324 1965 1389 superstitum

273 1397 384 1459 praeter
396 1396 503 1444 sextum
514 1391 645 1458 pedibus,
659 1393 714 1442 nisi
726 1392 800 1456 quod
811 1393 841 1441 in
853 1392 956 1443 fabulis
968 1393 1105 1458 satyricis,
1134 1390 1246 1456 (olymp.
1259 1393 1301 1455 92,
1315 1389 1362 1455 3,),
1375 1393 1423 1442 ubi
1433 1407 1531 1442 versus
1541 1393 1598 1444 796.
1611 1394 1646 1442 ab
1659 1393 1751 1443 verbis
1763 1391 1816 1443 τὸν
1829 1391 1892 1443 ἴσον
1902 1389 1964 1454 χρό-

274 1461 347 1526 quod
365 1475 448 1526 genus
466 1459 582 1510 medium
605 1465 649 1509 est
665 1461 740 1510 inter
760 1459 929 1525 tragoediam
954 1467 983 1510 et
999 1475 1106 1511 comoe—
1134 1471 1185 1509 νον
1197 1460 1305 1523 incipit,
1319 1462 1347 1508 et
1356 1475 1438 1509 unum
1449 1462 1596 1524 anapaesti
1609 1477 1643 1510 ex
1655 1462 1795 1526 augmenti
1809 1461 1964 1510 accessione

274 1529 355 1590 diam,
370 1533 535 1593 anapaestus
548 1529 630 1578 etiam
643 1528 673 1577 in
685 1529 727 1577 his
739 1528 868 1592 pedibus,
886 1527 953 1577 licet
965 1528 1050 1578 multo
1063 1544 1106 1578 ra·
1135 1527 1189 1576 orti
1207 1542 1232 1577 v.
1249 1529 1307 1578 644.
1326 1523 1450 1578 ἐκέλευσ’
1467 1525 1542 1589 spol:
1567 1515 1679 1594 qudrum
1699 1533 1826 1579 neutrum
1846 1527 1901 1577 sibi
1919 1542 1965 1577 us-

274 1597 330 1646 rius
343 1610 425 1659 quam
436 1595 509 1660 apud
522 1596 650 1654 comicos,
663 1594 800 1647 admissus
811 1600 861 1658 est,
875 1601 906 1645 ut
918 1611 951 1645 ex
963 1595 1106 1660 Euripidis
1133 1609 1215 1658 quam
1232 1595 1356 1658 permisit
1378 1595 1544 1659 Aeschylus,
1567 1611 1618 1646 nec
1639 1597 1791 1661 scripturus
1812 1601 1873 1645 crat
1893 1595 1965 1660 quod

273 1663 394 1729 Cyclope
406 1661 595 1727 intelligimus.
632 1663 759 1728 Spondeo
778 1665 807 1713 iu
820 1662 883 1712 sede
897 1663 993 1728 impari
1005 1665 1106 1728 tragici
1133 1677 1206 1711 nunc
1214 1661 1288 1726 apud
1299 1661 1462 1727 Sophoclem
1471 1662 1608 1716 philaas.
1618 1663 1721 1728 legitur
1730 1663 1837 1713 duobus
1847 1677 1965 1726 anapae-

221 1745 223 1748 ·
274 1733 302 1780 in
315 1746 369 1781 uno
382 1744 477 1793 versu,
494 1731 623 1781 utverba
642 1731 798 1794 postulant,
816 1729 863 1780 vel
879 1730 965 1780 semel
981 1734 1103 1794 utuntur,
1132 1729 1183 1779 stis
1197 1726 1562 1794 ἈγάμεμνονιῑιΜενέλαε,
1582 1731 1645 1790 πῶς
1656 1729 1690 1780 dv
1703 1729 1765 1781 ἀντ’
1776 1727 1845 1793 ἐμοί)
1857 1757 1900 1779 -.
1918 1730 1963 1795 qui

273 1805 305 1848 ut
316 1796 470 1860 Aeschylus
483 1798 573 1848 Prom.
587 1813 614 1848 ν.
629 1800 652 1848 1.
666 1797 768 1861 χθονὸς
781 1796 832 1860 μέν
844 1795 872 1858 ἐς
884 1797 1026 1862 τηλουρὸν
1037 1798 1103 1861 ήκα·
1132 1812 1228 1847 versus
1241 1813 1322 1860 quum
1336 1798 1419 1846 etiarn
1433 1803 1546 1863 propter
1558 1794 1582 1846 ιῙι
1595 1814 1691 1863 parum
1700 1805 1763 1863 apte
1772 1798 1964 1863 interpositum

273 1879 324 1929 μεν
336 1863 439 1929 πέδον,
456 1865 503 1916 rel
516 1865 559 1916 bis
571 1869 602 1914 ut
617 1881 644 1917 ν.
659 1869 682 1916 6.
698 1863 928 1930 ὑψηλοκρήμνοις
944 1864 998 1916 τὸν
1016 1866 1102 1929 λεωρ-
1134 1869 1279 1930 suspectus
1292 1866 1337 1927 sit,
1352 1865 1469 1916 tortasse
1484 1881 1545 1914 cum
1557 1865 1689 1916 Elmsleio
1702 1867 1742 1929 (in
1755 1865 1964 1929 Edinburptlle-

273 1933 326 1996 γὸν
338 1931 470 1996 ὀχμάσαι,
489 1933 535 1982 rel
548 1939 591 1982 ter
604 1938 635 1982 ut
647 1949 672 1982 v.
686 1935 726 1986 11.
739 1931 880 1997 στέργειν,
899 1933 1104 1997 φιλανθρώπου
1131 1935 1194 1982 slew
1219 1949 1244 1985 a.
1263 1933 1336 1982 1811.
1360 1933 1429 1982 fasc.
1445 1935 1486 1983 37.
1505 1949 1532 1997 p.
1551 1931 1603 1996 10.)
1625 1933 1798 1983 scribendum
1820 1931 1963 1994 Μενέλαος

272 2001 302 2052 δέ
314 1999 454 2052 παύεσθαι
465 1998 584 2062 τρόπου,
619 2000 723 2050 Pedum
740 2016 805 2052 vero
822 2000 1027 2065 trisyllaborum
1039 2016 1105 2052 usus
1133 1997 1319 2062 Ἀγαμέμνων
1330 2013 1376 2062 τε,
1396 2000 1442 2064 qui
1453 2001 1617 2050 nominativi
1631 2006 1741 2066 propter
1753 2001 1964 2066 praecedentem

271 2068 372 2118 finibus
394 2068 559 2132 quibusdam
580 2067 804 2134 circumscriptus
826 2073 869 2118 est
892 2069 1056 2119 arctioribus
1075 2071 1105 2118 in
1132 2069 1289 2118 vocativum
1307 2065 1437 2118 ιΊιδιπλοῖ
1449 2066 1641 2133 στρατηλάται
1658 2069 1693 2119 ab
1706 2075 1859 2120 correctore
1877 2069 1904 2117 in
1917 2083 1964 2120 vo-

272 2135 402 2200 Aeschyli
415 2139 443 2185 et
456 2134 612 2200 Sophoclis,
630 2134 777 2186 latioribus
795 2136 824 2184 in
836 2136 978 2200 Euripidis
993 2135 1105 2200 fabulis,
1134 2136 1240 2185 nativos
1252 2136 1354 2186 mutati
1366 2151 1427 2186 esse
1440 2141 1563 2200 possunt.

270 2204 434 2269 praesertim
446 2205 475 2252 in
486 2204 647 2267 postremis,
660 2204 764 2254 minore
777 2219 858 2268 quam
870 2205 975 2269 priores
987 2204 1106 2270 diligen-
1183 2202 1324 2267 Euripidis
1341 2208 1568 2268 anapaestorum,
1591 2209 1620 2254 et
1636 2205 1775 2254 nominum
1796 2205 1962 2268 propriorum

271 2273 313 2322 tia
326 2271 489 2321 elaboratis:
507 2269 541 2320 de
554 2272 653 2335 quibus
670 2272 795 2322 omnibus
812 2286 891 2321 nemo
908 2274 1066 2322 accuratius
1078 2278 1106 2322 et
1133 2274 1162 2319 et
1174 2270 1291 2320 aliorum
1303 2271 1460 2334 quorumvis
1472 2270 1679 2333 vocabulorum,
1693 2272 1818 2337 exempla
1831 2271 1965 2322 indicavit

272 2337 1105 2472 tutilietiistitutFelttl-t‘iiult‘ttulit
1133 2338 1964 2471 1119139331311311333333.

276 2475 425 2538 Euripidis,
448 2474 572 2525 Berolini
590 2474 666 2524 edito
687 2491 712 2524 a.
731 2475 804 2528 1866,
827 2491 907 2539 quem
925 2474 1042 2525 adibunt
1059 2475 1106 2540 qui
1133 2472 1246 2524 liberari
1258 2475 1428 2538 potuissent,
1447 2474 1470 2523 si
1481 2479 1581 2539 poetae
1594 2473 1756 2539 placuisset.
1792 2475 1887 2540 Neque
1901 2490 1965 2524 ana-

271 2543 401 2592 maiorem
423 2557 505 2606 quam
526 2543 561 2590 ab
582 2557 624 2592 me
646 2542 697 2592 hoc
716 2541 775 2592 loco
792 2542 888 2592 afferri
904 2548 997 2608 potest
1014 2559 1105 2594 exem·
1134 2547 1262 2606 pacatum
1278 2557 1312 2591 ex
1329 2541 1434 2592 duobus
1450 2541 1595 2591 vocabulis
1612 2557 1774 2607 componere
1792 2545 1898 2592 veritus
1912 2548 1964 2604 est,

235 2622 240 2632 ’
272 2610 379 2675 plorum
396 2610 504 2674 copiam
526 2611 677 2674 requirnnt.
713 2609 816 2660 Pedum
833 2614 926 2660 autern
945 2610 1105 2674 trisyllabo-
1135 2613 1163 2658 et
1179 2609 1338 2673 plerumque
1357 2608 1464 2674 quidem
1486 2623 1547 2658 curn
1566 2611 1783 2674 praepositione,
1806 2615 1837 2660 ut
1853 2609 1913 2674 Iph.
1930 2611 1963 2660 A.

270 2692 329 2727 rum
341 2692 407 2727 usus
419 2679 473 2726 etsi
491 2677 563 2741 apud
580 2682 637 2728 tres
654 2679 776 2742 tragicos
793 2677 981 2728 communibus
999 2679 1107 2742 regitur
1135 2677 1209 2726 1199.
1227 2675 1258 2728 έν
1274 2675 1327 2740 ἴσῳ
1346 2667 1536 2739 rupissem
1552 2673 1740 2728 tristasse.
1755 2675 1916 2730 έπὶτοῑσδε.
1937 2684 1965 2728 et

270 2745 393 2811 legibus,
408 2748 501 2794 tamen
514 2745 665 2809 Sophocles
676 2744 801 2794 nonnihil
814 2746 849 2796 ab
862 2745 1010 2810 Aeschylo,
1025 2747 1105 2795 Euri·
1132 2743 1216 2796 Herc.
1235 2744 1254 2792 t.
1271 2746 1329 2794 940.
1353 2744 1490 2794 Ηα1.838.
1510 2745 1583 2794 1234.
1605 2744 1649 2794 ΕΙ.
1669 2747 1742 2796 1030.
1766 2746 1869 2795 Phoen.
1892 2747 1964 2796 1240.

271 2813 350 2877 pides
363 2817 456 2862 autem
469 2812 584 2862 multum
595 2814 630 2863 ab
643 2817 761 2876 utroque
775 2812 882 2875 differt,
902 2814 960 2863 sive
979 2814 1105 2864 subtilio-
1133 2811 1180 2862 Or.
1193 2812 1251 2862 898.
1274 2811 1374 2862 Bacch.
1388 2814 1461 2863 1247.
1485 2827 1545 2860 cum
1562 2809 1638 2874 παρά
1654 2813 1714 2876 Ιρλι.
1726 2815 1758 2866 A.
1778 2814 1835 2863 646.
1860 2813 1962 2863 Bacch.

271 2895 315 2930 res
328 2880 463 2946 quasdam
479 2881 727 2944 componendorum
743 2879 853 2930 illorum
869 2881 969 2945 pedum
986 2880 1105 2945 regulas,
1132 2880 1191 2928 602.
1222 2877 1290 2942 παρ’
1311 2875 1373 2941 ἐμοί
1415 2881 1473 2929 334.
1497 2877 1574 2942 παρὰ
1597 2877 1652 2931 ool.
1690 2895 1750 2929 cum
1774 2875 1838 2943 περί
1860 2879 1963 2930 Bacch.

271 2963 342 3012 quae
355 2948 429 2996 inira
441 2953 621 3013 exponentur,
635 2948 694 2998 sive
706 2961 785 3014 usurp
796 2947 842 2997 vel
850 2949 983 2998 rariorem
994 2947 1040 2998 vel
1053 2949 1105 2998 ire·
1134 2948 1207 2995 1336.
1220 2945 1284 3009 περὶ
1300 2948 1353 2997 toll
1371 2916 1411 3009 det
1427 2947 1455 2994 in
1474 2945 1603 3010 Cyclope,
1621 2947 1744 2997 dramate
1757 2948 1887 3010 satyrico,
1903 2949 1963 2998 446.

272 3018 446 3080 quentiorem
460 3021 627 3080 spectamus.
652 3015 690 3064 Et
700 3016 846 3081 anapaesti
855 3015 966 3080 quidem
977 3016 1106 3080 inprime
1132 3011 1297 3076 tulerimus.
1316 3017 1374 3065 183.
1392 3012 1457 3076 περὶ
1473 3017 1535 3063 τοῑν
1548 3015 1669 3065 σκελοῖν.
1692 3018 1750 3069 229.
1765 3019 1825 3066 230.
1842 3013 1898 3066 ὑπὸ
1911 3016 1963 3071 rot]

274 3083 346 3148 pede
360 3082 434 3148 apud
446 3081 611 3147 Aeschylum
629 3098 718 3148 pauca
731 3084 905 3147 reperiuntur
922 3082 1048 3148 exempla
1060 3099 1105 3133 no·
1134 3086 1163 3129 et
1175 3079 1231 3131 ὑπὸ
1242 3080 1342 3132 τῶνδε.
1366 3084 1424 3132 690.
1442 3083 1499 3132 630.
1517 3079 1568 3143 άγε
1585 3081 1619 3146 δή
1636 3088 1665 3132 et
1681 3080 1731 3144 ἄγε
1744 3078 1817 3146 νῦν.)
1835 3083 1965 3148 aquibus

270 3151 373 3201 minum
395 3151 567 3216 propriorum
576 3147 615 3213 **)
640 3165 692 3200 nec
712 3152 799 3200 multa
821 3150 937 3201 aliorum
958 3150 1105 3203 vocabulo·
1133 3148 1259 3198 nonnihil
1276 3149 1408 3198 differunt
1425 3163 1496 3212 quse
1513 3150 1542 3199 in
1559 3149 1664 3200 duobus
1680 3151 1844 3215 fragmentis
1865 3153 1916 3212 (38.
1936 3156 1964 3200 et

1133 3215 1203 3278 601.)
1217 3217 1291 3281 apud
1304 3216 1454 3266 sichaeum
1466 3216 1595 3282 leguntur
1607 3216 1691 3278 λάλος
1705 3219 1756 3278 (sic
1766 3217 1902 3268 Centoras
1914 3233 1964 3283 pro

1133 3280 1228 3346 ἄλλος)
1241 3282 1320 3334 ἐστὶν
1332 3281 1416 3344 οὖτος
1429 3289 1457 3332 et
1469 3282 1575 3346 τρόπος
1587 3282 1646 3335 ἐστ(
1660 3284 1794 3350 χρηστὸς,
1809 3300 1921 3349 quorum
1934 3286 1964 3334 in

322 3344 346 3414 *)
365 3349 441 3398 Arsia
459 3363 531 3398 nunc
544 3353 607 3412 post
618 3349 774 3399 Bentleium
793 3347 832 3411 (in
846 3349 1053 3402 Schediasmata
1071 3349 1105 3400 de
1133 3351 1222 3414 priore
1234 3353 1328 3416 aptius
1341 3355 1383 3402 est
1395 3349 1479 3411 λάλος
1495 3349 1549 3416 γάρ
1561 3350 1621 3402 ἐστι
1638 3351 1707 3403 κούκ
1720 3350 1866 3417 έρωτιῑισιν
1878 3351 1965 3416 λέγει,

273 3416 370 3465 metris
383 3415 519 3479 Terentii)
535 3420 643 3481 tempus
660 3417 732 3482 quod
750 3423 825 3468 caret
841 3418 899 3468 ictu
916 3422 1042 3480 vocatur,
1065 3433 1105 3467 se·
1133 3417 1232 3468 omisso
1256 3416 1352 3480 οὗτος,
1375 3421 1404 3468 in
1428 3418 1517 3468 altero
1541 3425 1615 3470 recte
1637 3421 1828 3471 Trincavellus
1853 3421 1966 3484 scripsit

272 3484 389 3534 cundum
399 3483 571 3534 Priscianum
582 3484 796 3535 Deaccentibus
812 3500 835 3533 a.
848 3488 870 3534 2.
882 3502 907 3550 p.
919 3489 992 3538 1289.
1003 3484 1067 3548 (vol.
1080 3489 1104 3537 2.
1131 3484 1239 3548 τρόπος
1259 3484 1290 3537 δέ
1310 3484 1439 3550 χρηστός,
1474 3487 1571 3551 Neque
1592 3490 1740 3552 anapaesti
1761 3505 1794 3538 ex
1814 3493 1964 3554 augmento

272 3566 299 3615 p.
313 3552 372 3601 366.
392 3551 433 3601 ed.
447 3551 552 3616 Krehl.)
567 3550 615 3601 “in
633 3569 782 3618 unaquaque
799 3561 876 3616 purte
894 3557 1019 3604 orationis
1036 3557 1105 3604 ursis
1133 3553 1185 3603 orti
1207 3554 1332 3619 exempla
1353 3555 1465 3614 desunt,
1488 3554 1564 3604 velut
1580 3557 1661 3606 Herc.
1684 3557 1704 3606 t.
1717 3558 1775 3606 448.
1796 3554 1895 3606 ἔτεκον
1912 3553 1964 3618 μέν

271 3625 296 3669 et
315 3620 392 3668 thesis
409 3625 478 3678 sarit,
502 3636 551 3670 παπ
569 3622 594 3669 tu
612 3621 702 3670 ordine
723 3621 878 3686 syllabarum
896 3628 990 3684 tanuen,
1014 3623 1061 3672 sed
1078 3625 1103 3672 ia
1131 3619 1214 3684 ὑμᾶς,
1232 3627 1262 3672 ut
1276 3619 1409 3684 ἐγένοντο
1422 3620 1500 3687 Λήδᾳ
1516 3622 1590 3687 apud
1602 3629 1725 3674 veterem
1736 3624 1965 3689 interpolatorem

268 3691 493 3750 pronuntiatione,
515 3692 581 3738 oelrrt
598 3689 623 3737 in
640 3689 688 3738 hoc
702 3697 781 3752 purte
800 3693 933 3754 ‘natura',
956 3696 983 3738 ut
1001 3691 1102 3754 quando
1131 3689 1189 3754 Iph.
1200 3692 1233 3741 A.
1244 3692 1286 3741 49.

269 3756 326 3804 dico
344 3752 437 3816 (καίν’,
456 3757 568 3804 elevatur
580 3772 631 3806 uon
643 3764 669 3806 et
680 3764 719 3806 est
730 3759 798 3806 arsis
810 3759 835 3804 iu
854 3755 910 3816 ‘tu’‚
929 3759 1102 3822 quandovero
1180 3756 1213 3805 Ιιι
1227 3758 1346 3808 secundo
1359 3759 1443 3808 tertio
1462 3762 1558 3822 quarto
1577 3760 1726 3825 quintoque
1742 3759 1812 3824 pede
1832 3760 1885 3808 etsi
1896 3775 1964 3808 ana·

270 3819 332 3882 ‘ra’,
351 3824 502 3886 deprimitur
518 3838 570 3872 oon
588 3830 613 3872 et
629 3822 785 3874 estthssis.‘’
821 3824 920 3874 Musici
930 3839 994 3876 vero
1008 3829 1036 3873 et
1048 3841 1102 3874 me·
1131 3831 1228 3888 paesto
1241 3827 1282 3874 uti
1295 3824 1371 3874 licuit
1384 3827 1413 3875 in
1425 3827 1580 3876 nominibus
1592 3829 1723 3892 propriis,
1737 3834 1830 3878 tamen
1842 3826 1964 3891 Aeschy-

269 3889 335 3938 trici
350 3889 448 3940 Graeci
460 3889 541 3939 thesin
559 3890 687 3940 dixerunt
703 3895 811 3956 tempus
824 3891 908 3956 forte,
926 3891 997 3957 quod
1015 3893 1102 3942 ictum
1130 3891 1173 3942 lus
1186 3897 1329 3957 tantopere
1344 3893 1379 3944 ab
1396 3909 1448 3942 usu
1466 3894 1527 3944 eius
1539 3893 1682 3944 abhorruit
1698 3903 1729 3944 ut
1742 3895 1878 3946 nominum
1897 3910 1965 3959 quc·

271 3956 370 4021 habet,
387 3959 459 4006 arsia
471 3960 579 4022 tempus
593 3957 696 4021 debile,
715 3959 787 4021 quod
803 3959 861 4009 ictu
874 3965 962 4023 caret,
981 3965 1009 4009 et
1027 3964 1102 4010 recte
1130 3960 1244 4011 tundam
1261 3975 1416 4012 mensuram
1432 3962 1567 4012 usitatam
1581 3959 1735 4027 mutare*⁸)
1749 3979 1830 4028 quarn
1843 3975 1965 4026 anapae-

271 4023 389 4089 quidem.
424 4023 608 4075 Nihilominus
619 4041 680 4090 ego,
696 4031 728 4074 ut
739 4026 897 4076 Boeckbius
909 4043 1016 4092 quoque
1030 4029 1102 4078 iece-

195 4150 199 4158 ,
270 4097 314 4142 rat
331 4091 371 4156 (in
386 4091 458 4141 libro
475 4091 509 4142 de
523 4093 617 4142 metris
629 4093 743 4142 Pindari
759 4092 866 4158 p.13.),
884 4110 938 4145 non
951 4097 1055 4146 recessi
1067 4096 1101 4146 ab

270 4175 322 4210 usu
335 4159 470 4220 Bentleii,
488 4175 523 4210 ne
535 4160 569 4210 ab
582 4161 617 4210 iia
630 4161 676 4225 qui
696 4162 783 4211 veteri
802 4167 830 4212 et
842 4169 935 4212 rectae
949 4162 1043 4214 horum
1055 4178 1101 4213 vo·
1179 4166 1202 4230 *t
1222 4169 1310 4217 Prcm.
1322 4169 1363 4218 89.
1375 4170 1522 4230 ποταμῶν.
1550 4170 1607 4220 368.
1626 4171 1771 4233 κορυφαῖς.
1799 4169 1857 4220 368.
1875 4183 1964 4220 ποτα-

271 4227 430 4278 cabnlorum
443 4226 641 4292 significationi
652 4227 762 4280 adsueti
774 4245 829 4280 nou
840 4235 912 4293 sunt,
929 4245 1010 4280 secus
1022 4231 1101 4280 intel·
1129 4233 1184 4296 μοί,
1209 4237 1266 4285 721.
1280 4232 1442 4298 κροτάφων,
1465 4239 1522 4286 122.
1534 4234 1668 4300 κορυφάς.
1691 4235 1760 4300 [849.
1773 4251 1856 4287 versu
1869 4239 1964 4302 spurio

272 4293 380 4358 ligerer.
413 4296 500 4367 Porro
521 4310 603 4360 quum
625 4311 720 4346 aracos
738 4297 916 4362 theseoaque,
941 4313 1009 4362 quas
1030 4314 1102 4348 nunc
1129 4300 1270 4366 ἐπαφῶν]
1296 4305 1354 4352 994.
1367 4303 1497 4366 χθονίοις.
1526 4303 1601 4369 Sept.
1619 4306 1677 4354 495.
1695 4303 1803 4367 ὄφεων.
1837 4307 1909 4355 1010.
1928 4303 1965 4355 ἱε-

270 4376 407 4425 vocamus,
421 4362 523 4428 duplex
536 4379 596 4413 csse
607 4365 762 4414 coniunctio
773 4366 871 4429 possit,
884 4366 1032 4430 utsyllaba
1043 4366 1102 4415 ictu
1128 4371 1197 4434 ρῶν.
1232 4371 1308 4419 Pers.
1322 4371 1378 4420 184.
1391 4369 1510 4432 μεγέθει.
1535 4375 1593 4422 343.
1607 4369 1709 4422 ἑκατὸν
1721 4370 1770 4432 δίς.
1795 4374 1890 4435 Agunt.
1904 4375 1964 4422 604.

271 4443 366 4479 carens
378 4437 426 4479 sut
438 4431 588 4495 praecedat
601 4433 672 4480 utin
685 4434 917 4494 iambiser,aut
929 4438 1061 4497 sequetur
1073 4438 1103 4482 ut
1129 4435 1247 4502 δεκάτῳ.
1271 4436 1508 4499 seoncurtem.
1536 4441 1607 4492 iusi.
1622 4438 1728 4491 ὀτοτοῖ.
1753 4443 1829 4491 Eum.
1847 4437 1888 4489 92,
1903 4441 1963 4494 474.

270 4497 521 4559 ὶαιιοαλιοοίαιν,
537 4487 613 4562 piior
623 4499 657 4548 ab
671 4500 830 4550 Hermanno
847 4504 991 4567 anecrusis
1010 4501 1103 4566 appel·
1130 4508 1187 4556 677.
1204 4502 1305 4568 ἱκέτης.
1328 4506 1668 4570 1“ια,ςιιι,142.ποταμοθ.
1706 4509 1768 4569 196,
1788 4509 1810 4556 i.
1828 4505 1962 4570 νεφέλην.

273 4564 331 4614 lata
352 4570 406 4626 est,
432 4565 635 4632 significatione
657 4568 692 4618 ab
714 4575 834 4618 veterum
856 4570 1030 4619 metricorum
1050 4584 1103 4618 usu
1130 4575 1188 4623 246.
1200 4571 1381 4636 φαγέδαιναν.
1410 4572 1598 4637 adtendens.

271 4646 384 4696 prorsus
404 4634 505 4684 aliena.
541 4633 618 4684 Idem
640 4635 673 4684 de
694 4636 795 4686 baseos
816 4637 925 4686 nomine
947 4637 1102 4696 dicendum,
1180 4639 1219 4704 **)
1233 4641 1392 4690 Priscianus
1404 4643 1446 4691 Dc
1460 4642 1553 4691 metris
1566 4642 1691 4691 Terentii
1704 4645 1756 4692 α.3.
1767 4640 1821 4696 voi.
1832 4645 1856 4692 2.
1868 4657 1894 4706 p.
1902 4620 1963 4694 416.

272 4714 326 4763 quo
335 4698 510 4752 Hermannus
519 4702 603 4769 pedes
616 4702 767 4766 disyllabos
779 4703 824 4754 vel
837 4703 996 4769 trisyllabos
1009 4705 1103 4770 appel·
1133 4708 1176 4759 ed.
1188 4707 1283 4758 Krcbl.
1296 4709 1462 4773 “Aeschylus
1474 4713 1499 4758 ia
1512 4707 1583 4760 ἑπτὰ
1595 4707 1642 4760 ἐπὶ
1655 4707 1747 4773 Θήβας
1760 4707 1842 4774 (488.)
1856 4709 1963 4761 ’Ἱππο-

271 4767 344 4847 leyit
358 4768 405 4831 qui
422 4772 516 4820 metris
529 4770 697 4835 quibusdam,
715 4771 840 4835 inprimis
852 4772 1009 4836 glyconeis,
1025 4787 1103 4837 prae·
1132 4773 1265 4838 μέδοντος
1274 4778 1368 4839 σχήμα
1377 4776 1422 4826 sul
1432 4774 1518 4839 μέγας
1527 4775 1630 4837 τύπος’
1646 4781 1673 4826 iu
1680 4779 1810 4842 principle
1820 4778 1963 4827 trochaeum

273 4835 459 4886 mrttraolent.
495 4838 581 4888 Recte
600 4839 690 4888 omnia
709 4837 777 4887 haec
795 4839 959 4889 novitiorum
977 4840 1103 4889 metrico·
1129 4845 1229 4907 posuit,
1248 4857 1319 4908 quem
1336 4843 1588 4909 imiteasSoplroetes
1606 4845 1716 4910 (fragm.
1731 4845 1813 4909 786),
1831 4852 1896 4895 teste
1914 4843 1963 4895 Se-

271 4917 329 4953 rum
345 4903 459 4953 inventa
476 4905 651 4969 reprehendit
669 4907 691 4956 Ι.
708 4909 740 4957 A.
757 4906 920 4972 Hartungus
941 4905 1104 4970 (Zeitsehrist
1117 4958 1119 4977 Ι
1131 4915 1214 4976 leuco,
1232 4913 1338 4975 profert
1355 4913 1478 4976 quaedem
1495 4921 1586 4962 eontra
1599 4916 1676 4977 legem
1688 4921 1836 4975 metrorum,
1854 4914 1919 4962 ciera
1937 4916 1963 4963 ι’π
2051 4931 2067 4938 ·

268 4971 316 5033 fiir
337 4971 379 5020 die
397 4972 729 5035 Altcrtllumcws'ssenschast
751 4989 774 5022 a.
788 4976 871 5024 1847.
894 4990 935 5023 nr.
954 4977 1011 5029 109.
1034 4973 1103 5040 110.)
1116 5002 1119 5049 q
1131 4983 1139 5009 ‘
1149 4977 1353 5042 Ἀλφεσίβοιαν,
1367 4977 1404 5040 ἣν
1417 4977 1432 5029 ὁ
1444 4977 1585 5041 γεννήσας
1597 4978 1711 5043 πατήρ.’
1729 4981 1782 5030 Hic
1791 4995 1889 5047 quoque
1900 4987 1963 5030 iam-

314 5037 356 5101 **)
371 5038 448 5103 Sept.
457 5041 497 5090 64.
511 5039 619 5106 Ἄρεως
630 5041 712 5107 (quod
722 5057 776 5092 non
786 5058 846 5091 curu
857 5043 976 5104 syuiaeai
985 5057 1103 5106 pronun·
1116 5052 1119 5111 t
1130 5047 1175 5096 bus
1192 5061 1208 5096 α
1226 5047 1347 5097 trochaeo
1365 5045 1482 5112 incipit.”
1517 5047 1569 5096 His
1592 5047 1657 5096 addi
1676 5053 1770 5112 potest
1791 5047 1908 5098 alterum
1930 5063 1963 5097 er

269 5104 417 5169 tiendum).
441 5109 499 5158 422.
508 5109 566 5158 440.
587 5108 753 5170 Καπανεύς·
765 5112 823 5162 474.
845 5107 1001 5173 Μεγαρεὺς.
1025 5110 1102 5164 Pers.
1116 5116 1118 5159 i
1130 5113 1260 5176 Aeschyli
1273 5113 1370 5164 fabula
1384 5114 1534 5179 exemplum
1551 5115 1599 5165 ubi
1612 5114 1710 5164 eadem
1727 5115 1873 5180 productio
1885 5113 1961 5179 Παρ-

269 5176 327 5227 308.
341 5170 487 5234 Τεναγάιν.
517 5178 575 5226 323.
588 5174 706 5241 Θάρυβίς
717 5191 757 5228 τε.
787 5180 846 5227 321.
860 5175 986 5228 Κιλίκων.
1011 5177 1102 5243 Suppl.
1130 5179 1282 5232 θενοπαίου
1295 5183 1396 5232 nomini
1410 5188 1454 5232 est
1466 5182 1600 5233 adhibite.
1629 5183 1962 5234 Numinterversusbtt.

270 5244 328 5292 282.
347 5240 469 5306 Κύπριος
485 5241 636 5308 χαρακτήρ.
660 5247 719 5297 316.
736 5242 831 5308 Λιβύη.
861 5245 957 5309 Agam.
972 5245 1032 5295 267.
1043 5247 1101 5296 813.
1130 5251 1188 5300 626.
1200 5265 1297 5299 nomen
1312 5250 1390 5300 ducis
1402 5249 1498 5315 Argivi
1510 5248 1697 5314 desideratur,
1715 5251 1788 5316 quod
1801 5265 1835 5300 ex
1848 5265 1963 5315 sequeu-

270 5307 407 5390 Πριάμου.
433 5309 555 5375 Ghoeph.
569 5313 609 5361 20.
621 5315 678 5362 662.
692 5315 753 5363 899.
774 5308 902 5376 Πυλάδη.
927 5313 1037 5377 Fragm.
1048 5315 1103 5363 198.
1129 5317 1204 5367 tibus
1221 5318 1347 5367 versibus
1369 5317 1464 5382 colligi
1486 5322 1578 5382 potest
1600 5318 1634 5366 ab
1652 5319 1790 5382 Aeschylo
1807 5318 1849 5368 his
1869 5318 1964 5368 verbis

271 5374 392 5438 Γαβιους.
411 5382 440 5427 et
452 5379 481 5427 in
494 5379 650 5429 nominibus
663 5379 724 5443 plus
741 5395 823 5445 quam
834 5379 1003 5443 trisyllabis,
1016 5381 1104 5430 Prom.
1130 5383 1215 5434 luisse
1227 5389 1412 5448 memoratum,
1426 5383 1643 5448 Παρθενοπαῖον
1657 5382 1775 5450 Ἀρκάδ’,
1790 5383 1964 5450 Ἀταλάντης

272 5445 330 5494 806.
349 5443 531 5508 Ἀριμασπὸν.
557 5445 632 5511 Sept.
648 5449 718 5496 414.’
730 5447 922 5508 Μελάνιππος.
947 5451 1004 5498 610.
1022 5445 1102 5511 Ὁμο-
1129 5449 1231 5514 γόνον,
1250 5452 1284 5501 de
1298 5467 1350 5516 quo
1363 5469 1412 5503 suo
1425 5453 1487 5503 loco
1501 5453 1571 5516 dixi,
1589 5456 1685 5504 notato
1699 5453 1904 5518 interpolatoris
1917 5468 1964 5504 ve·

270 5510 379 5564 λωῑσιν.
402 5513 480 5564 Pers.
494 5515 552 5564 273.
577 5512 742 5576 Σαλαμῖνος.
764 5517 860 5582 Agam.
873 5518 914 5564 26.
940 5517 1101 5565 12481314.
1129 5520 1198 5568 toris
1211 5535 1311 5584 errore,
1329 5522 1376 5584 qui
1388 5519 1462 5570 infra
1476 5525 1534 5570 tres
1545 5535 1643 5571 versus
1661 5521 1695 5570 ab
1708 5536 1737 5571 se
1752 5520 1883 5571 confictos
1901 5519 1964 5583 (646

272 5576 490 5643 Ἀγαμέμνονας.
525 5583 583 5632 309.
607 5579 782 5645 Ἀραχναῖον.
814 5585 892 5635 Εαιιι.
910 5584 969 5633 466.
992 5581 1103 5645 Ἀγαμὲ-
1130 5588 1233 5646 -648.)
1246 5589 1371 5650 inseruit,
1384 5602 1497 5652 quorum
1508 5587 1613 5640 medius
1627 5589 1733 5648 bicest,
1746 5588 1965 5653 Παρθενοπαῖος

270 5646 351 5710 μνον
363 5645 484 5711 ἀνδρῶν.
508 5649 590 5714 Frag.
604 5651 666 5712 166,
678 5651 702 5701 2.
718 5648 883 5715 Βερέκυντα.
904 5687 910 5692 -
1131 5652 1243 5718 Ἀρκάς·
1267 5653 1331 5706 tbi
1351 5653 1457 5707 τοιόσδ’
1474 5652 1547 5719 ἀνήρ
1559 5681 1602 5706 -.
1639 5657 1705 5707 Sine
1727 5657 1882 5708 istiusmodi
1902 5673 1965 5722 pro-
