4372 6614
253 487 295 552 5ss
702 483 758 532 DE
782 481 940 531 METRIS
964 481 1200 532 POETARUM
1224 479 1504 534 SOENIGORUM

361 589 494 594 -.....—-
573 588 578 590 .
598 587 693 592 η...-
717 586 783 592 .-,-
845 585 1002 590 ----——-
1436 584 1527 591 ——-
1543 584 1621 590 -.—--
1645 585 1665 589 ...
1677 585 1778 592 -.-„..

255 640 333 703 Sept.
357 640 414 686 791.
437 638 544 700 πατρὸς
566 634 699 686 εὐκταίαν
723 633 836 698 Ἐρινύν.
858 655 891 674 =
916 636 973 685 730.
995 631 1094 696 πικρὸς
1121 646 1180 694 μοις
1194 630 1347 696 iisdemque
1360 630 1477 695 syllabis
1488 635 1581 683 ν.510.
1593 634 1651 682 518.
1663 634 1717 682 nisi
1729 633 1798 683 haec
1811 636 1852 684 sic
1864 638 1958 687 metiri

256 704 405 768 ὠμόφρων
428 701 548 768 σίδαρος.
572 708 600 752 et
619 719 661 768 ap.
679 704 763 753 Arist.
783 702 851 752 Ran.
869 703 926 752 330.
949 696 1093 762 στέφανον
1121 699 1233 765 placeat
1245 703 1277 748 ut
1289 713 1387 749 versus
1398 697 1777 763 plenistermineturionicis,
1791 701 1956 766 prioredve-

257 769 385 836 μύρτων·
406 773 503 836 θρασεῖ
519 769 545 822 δ’
557 767 784 833 ἐγκατακρούων,
807 769 855 819 ubi
872 769 901 817 in
918 767 1094 832 antistropha
1121 763 1273 831 κλωμένῳ,
1292 764 1323 816 δέ
1340 763 1428 829 θύραν
1438 764 1496 830 τίς,
1513 766 1601 818 altero
1613 768 1641 816 in
1654 767 1799 818 molossum
1813 777 1956 821 contracto

256 839 408 906 respondet
426 840 533 889 ionicus
544 836 746 900 ἀνακλώμενος
758 839 817 887 346.
833 833 963 899 χρονίους
974 835 1006 884 τ’
1018 832 1093 886 έτιύν
1121 834 1189 885 oties
1199 848 1253 896 μοι.
1271 834 1340 883 Nam
1352 837 1506 897 systemata
1518 849 1646 885 versuum
1655 835 1806 886 ionicorum
1819 837 1958 889 interdum

256 907 388 960 παλαιῶν
400 904 556 969 ἐνιαυτούς,
570 904 797 970 quemadmodum
808 905 903 954 versui
915 901 1094 969 praecedenti
1107 928 1109 937 r
1122 901 1194 968 pede
1212 901 1373 951 acatalecto
1390 899 1532 961 finiuntur,
1551 907 1582 951 ut
1599 918 1644 967 ap.
1658 902 1757 952 Aesch.
1774 903 1868 969 Suppl.
1882 909 1956 957 1043.

256 971 450 1038 όνακλωμένῳ
465 977 523 1024 399.
544 972 608 1037 περί
626 971 705 1036 κρατί
722 973 764 1035 σῷ
779 969 900 1035 βρύοντα
917 973 946 1020 in
964 971 1094 1020 antistro-
1107 988 1109 1037 γ
1122 967 1240 1033 ψεδυραί
1260 966 1350 1032 τρίβοι
1372 967 1403 1018 τ’
1419 966 1544 1032 ἐρώτων.
1561 987 1596 1013 =
1614 972 1687 1021 1052.
1711 973 1854 1034 προτερᾶν
1875 972 1957 1025 πέλοι

257 1044 312 1108 ρύιι
326 1044 384 1094 945.
401 1042 509 1092 ionicus
523 1047 551 1092 et
564 1040 676 1106 dipodia
686 1039 828 1088 trochaica
840 1037 1012 1103 respondent
1025 1035 1093 1088 άπο-
1107 1076 1109 1094 ,
1122 1037 1271 1099 γυναικών.
1296 1041 1324 1086 et
1335 1037 1372 1087 ib.
1386 1039 1459 1087 1057.
1472 1057 1506 1078 =
1519 1039 1592 1087 1062.

257 1107 382 1162 σείονται
394 1107 425 1160 δέ
440 1107 541 1169 λύπας.
563 1110 631 1158 etin
645 1108 765 1158 carmine
779 1107 869 1157 ionico
881 1107 1034 1170 Vesparum
1047 1106 1111 1171 ubi;
1173 1104 1333 1168 Systemata
1350 1118 1478 1154 versuum
1497 1104 1649 1155 ionicorum
1662 1121 1678 1155 a
1691 1107 1799 1168 minori,
1816 1108 1915 1172 quibus
1927 1115 1958 1159 et

258 1180 288 1228 in
301 1176 415 1242 stropha
427 1179 485 1228 297.
500 1176 537 1237 μά
546 1173 581 1226 Δί
588 1175 602 1238 ²,
618 1173 680 1225 ἀλλ’
693 1171 817 1238 ἰσχάδας,
831 1171 854 1222 dr
868 1170 996 1224 παππία·
1015 1169 1095 1236 ἣδιον
1108 1178 1110 1187 ’
1123 1173 1224 1238 tragici
1241 1175 1269 1222 et
1283 1173 1382 1222 comici
1399 1187 1454 1222 non
1471 1187 1533 1222 raro
1550 1173 1682 1232 ualeant,
1699 1175 1728 1222 in
1744 1174 1885 1226 codicibus
1899 1176 1958 1241 ple·

258 1243 320 1309 γάρ,
335 1243 387 1295 οὐκ
398 1242 441 1306 ἂν,
456 1245 484 1293 in
495 1242 667 1307 antistropha
678 1257 744 1292 vero
754 1243 811 1292 309.
824 1238 933 1292 ἀπαπαί
946 1241 1012 1304 φεύ,
1025 1237 1095 1291 ἀπα·
1107 1224 1110 1293 ί
1123 1254 1236 1304 rumque
1255 1240 1283 1288 in
1305 1239 1435 1289 dimetros
1453 1245 1518 1290 sunt
1535 1239 1686 1304 descripta,
1708 1241 1852 1292 vocabulis
1873 1258 1956 1309 saepe

263 1315 314 1363 ποί
332 1313 404 1374 φεύ,
427 1310 463 1373 μά
480 1307 529 1361 Δί’
546 1309 597 1360 οὐκ
614 1308 704 1371 έγωγε
723 1311 783 1374 νιιζιν
800 1305 862 1358 oib'.
891 1308 940 1359 sed
961 1310 990 1357 in
1012 1321 1095 1358 versu
1108 1346 1110 1377 3
1122 1307 1196 1357 inter
1209 1305 1278 1357 duos
1290 1321 1386 1356 versus
1400 1307 1507 1371 divisis,
1521 1307 1594 1372 quod
1606 1308 1814 1374 incommodum,
1832 1309 1913 1375 plane
1924 1319 1959 1361 ut

260 1379 447 1446 praecedente
462 1379 564 1428 formae
577 1410 595 1427 e
610 1411 625 1427 a
638 1397 655 1427 a
667 1414 698 1435 -,
713 1397 725 1427 ,ν
744 1410 762 1428 c
773 1419 793 1426 -
806 1419 825 1427 -
838 1377 935 1426 eadem
948 1375 1096 1440 respondet
1123 1375 1151 1424 in
1165 1376 1324 1438 systematis
1341 1375 1469 1425 iambicis
1487 1379 1515 1425 et
1527 1375 1692 1440 trochaicis,
1709 1377 1812 1441 ubique
1826 1379 1884 1428 iere
1897 1378 1958 1429 tolli

257 1449 287 1497 in
301 1446 480 1512 antistropha.
506 1445 657 1509 Euripides
667 1445 794 1493 diversae
806 1444 991 1508 responsionis
1005 1459 1094 1493 exem·
1123 1447 1228 1508 potest,
1252 1441 1391 1493 restitutis
1409 1443 1453 1492 vel
1471 1443 1604 1492 trimetris
1625 1443 1670 1494 vel
1687 1459 1757 1509 quae
1774 1445 1960 1498 usitatissima

258 1514 381 1580 pluvida
400 1513 501 1564 Bacch.
515 1513 563 1562 381
580 1531 615 1556 Ξ
631 1514 690 1563 398,
708 1514 873 1562 525=54a
904 1513 1043 1574 Quattuor
1055 1511 1095 1560 di·
1122 1511 1203 1559 buius
1221 1510 1301 1560 metri
1323 1509 1411 1558 forma
1434 1511 1499 1572 fuit,
1523 1511 1705 1575 tetrametris,
1730 1511 1763 1562 dc
1785 1513 1884 1576 quibus
1901 1515 1959 1564 He·

256 1581 356 1647 podiae
379 1580 534 1632 trochaicus
557 1581 629 1628 inter
645 1580 754 1629 Ionicos
776 1581 869 1644 posuit
884 1580 967 1628 llrist.
985 1579 1094 1630 Thesm.
1107 1580 1109 1589 '
1123 1578 1250 1643 phaestio
1268 1593 1291 1626 c.
1310 1579 1350 1629 12.
1368 1593 1396 1642 p.
1414 1579 1454 1626 ta.
1476 1579 1537 1627 τών
1553 1576 1583 1630 έν
1604 1581 1647 1642 τῷ
1666 1577 1758 1644 μέτρῳ
1778 1582 1905 1642 μεγεθῶν
1922 1580 1959 1630 τὸ

259 1653 315 1699 ill.
338 1650 413 1712 χαίρε
431 1646 593 1707 καλλίσταις
611 1645 728 1709 ἀοιδαῖς,
748 1645 751 1709 Ι
776 1645 863 1709 Φοῖβ’,
883 1643 913 1696 έν
932 1644 1094 1708 εὐμούσοισι
1121 1642 1331 1708 ἐπισημότατον
1340 1641 1442 1695 έστιτό
1452 1643 1643 1709 τετράμετρον
1651 1645 1868 1712 καταληκτικόν,
1880 1650 1961 1698 cuius

257 1719 362 1780 τιμαῖς,
378 1718 383 1778 l
397 1713 481 1778 γέρας
493 1712 556 1778 ἱρόν
569 1711 731 1777 προφέρων.
1122 1712 1247 1778 exempla
1260 1712 1338 1762 addit
1356 1727 1389 1762 ex
1401 1711 1558 1776 Phrynicho
1573 1721 1601 1762 et
1613 1715 1720 1779 tragico
1735 1723 1763 1765 et
1774 1717 1884 1766 comico.
1915 1717 1959 1766 ad

309 1786 426 1834 Formae
445 1784 479 1833 ab
492 1783 573 1831 initio
587 1789 684 1832 auctae
704 1779 738 1846 (7.
750 1783 774 1831 8.
788 1781 822 1841 9.)
841 1780 915 1845 apud
927 1781 1092 1845 Aeschylum
1121 1781 1192 1830 hanc
1210 1780 1295 1845 igitur
1312 1795 1434 1830 normam
1452 1780 1535 1830 divisi
1550 1787 1702 1844 systemata
1719 1785 1825 1841 ionica,
1844 1799 1960 1848 quorum

258 1857 287 1901 et
304 1850 466 1916 Sophoclem
485 1851 676 1914 reperiuntur,
697 1855 725 1898 et
743 1848 860 1914 septima
879 1848 1003 1912 quidem,
1021 1863 1093 1911 quae
1123 1847 1249 1913 exempla
1262 1846 1324 1897 vide
1339 1848 1411 1912 apud
1424 1847 1522 1898 Aesch.
1535 1851 1611 1898 Pers.
1625 1851 1959 1902 tat—696.=i00-toa.

258 1921 292 1969 ab
312 1918 441 1968 anucrusi
458 1916 647 1980 monosyllaba
670 1917 781 1982 incipit,
804 1915 872 1966 Oed.
889 1915 919 1966 R.
936 1919 995 1967 483.
1017 1915 1094 1966 δεινὰ
1123 1915 1207 1980 (quod
1225 1920 1347 1978 systema
1369 1931 1403 1965 ex
1424 1919 1586 1966 tetrametro
1608 1916 1698 1966 ionico
1716 1923 1744 1966 et
1762 1933 1843 1968 versu
1862 1934 1960 1983 paroe-

259 1985 309 2047 μέν
327 1983 378 2036 οὐν
396 1983 473 2036 δεινά
492 1983 627 2046 ταράσσει
644 1983 735 2046 σοφός
752 1980 924 2042 οίωνοθέτας
943 1981 947 2048 Ι
968 1980 1035 2033 οὔτε
1049 1984 1093 2034 bo·
1122 1985 1210 2033 miaco
1230 1989 1273 2033 est
1291 1980 1483 2049 compositum)
1501 1982 1794 2049 Suppl.1018—1034.
1814 1991 1841 2036 et
1860 1988 1960 2036 1035-

260 2053 356 2106 κούντ’
368 2051 429 2103 οὐτ’
441 2049 651 2114 ἀποφάσκονθ·
671 2050 686 2101 ό
699 2065 726 2101 τι
743 2048 815 2102 λέξω
833 2049 858 2100 δ’
869 2049 976 2114 direptis.
990 2071 1023 2092 =
1035 2053 1094 2101 498.
1107 2072 1109 2099 r
1123 2053 1197 2104 1062.
1211 2065 1281 2116 quae
1296 2050 1428 2114 strophae
1442 2067 1475 2101 ex
1489 2051 1626 2108 dimetria
1643 2053 1775 2103 trimetris
1788 2058 1817 2102 et
1831 2059 1960 2104 tetrame-

256 2124 316 2172 499.
334 2119 578 2171 a1.1066.=1078.
590 2124 690 2169 octava
701 2117 871 2170 Oedlttao.
881 2116 898 2181 ἢ
909 2121 951 2182 τῷ
962 2117 1094 2180 Πολύβου
1107 2104 1110 2167 ί
1123 2118 1173 2168 tris
1190 2121 1328 2170 constant.
1359 2117 1480 2184 Choepb.
1498 2121 1650 2170 aas-329.
1663 2141 1697 2160 --
1708 2122 1851 2171 358-361,
1873 2126 1961 2171 tetra·

258 2191 350 2249 νείκας
371 2185 454 2238 ἔκειτ’
475 2185 542 2237 οὔτε
564 2183 697 2250 πάροιθέν
719 2185 785 2236 ποτ’
806 2185 892 2246 ἔγωγ’
913 2185 980 2236 οὐτε
1002 2187 1092 2236 τανύν
1123 2187 1201 2236 metri
1220 2182 1417 2248 άνακλώμενοι
1434 2185 1494 2235 duo.
1532 2187 1615 2252 Soph.
1635 2187 1703 2236 Oed.
1717 2189 1749 2238 lt.
1768 2189 1960 2239 483—497.=

264 2269 316 2310 πω,
341 2271 428 2316 noua,
447 2255 526 2303 culus
540 2254 656 2318 plurima
674 2254 779 2303 suntin
794 2253 936 2318 tragoedis
948 2259 977 2303 et
990 2269 1095 2305 comoe·
1122 2254 1275 2303 tas-tta.
1293 2253 1407 2318 stropha
1421 2269 1454 2302 ex
1467 2253 1605 2316 dimetria,
1620 2255 1768 2317 trimetris,
1786 2257 1957 2306 tetrametris

264 2323 310 2372 dia
328 2321 466 2387 exempla,
490 2322 525 2370 ib.
540 2322 598 2371 498.
617 2320 722 2383 έμαθον
745 2319 816 2384 πρὸς
834 2319 902 2372 ότου
919 2320 953 2384 δὴ
972 2318 1094 2386 βασάνῳ.
1124 2325 1151 2370 ct
1165 2321 1345 2386 pentametris
1360 2321 1521 2386 composita.
1544 2321 1607 2372 llur.
1619 2322 1649 2370 in
1660 2323 1828 2374 carminibus
1838 2324 1961 2374 Baccha-

263 2389 352 2442 Simili
372 2389 432 2453 lege
452 2385 637 2454 ἀνακλωμένῃ
656 2389 740 2439 ionici
759 2389 878 2450 formae,
897 2389 915 2438 i.
929 2405 952 2438 e.
968 2389 1095 2453 dipodius
1123 2404 1181 2438 rum
1194 2388 1268 2438 infra
1286 2387 1457 2448 indicandis,
1477 2393 1505 2438 et
1519 2387 1591 2452 Cycl.
1603 2389 1756 2440 tat-502.
1769 2411 1803 2431 =
1815 2393 1960 2443 coa-510.

265 2457 434 2518 trochaicae,
448 2456 635 2521 praemittitur
648 2456 805 2518 anaorusis,
818 2457 860 2507 ita
873 2461 903 2506 ut
915 2471 1012 2506 versus
1026 2457 1095 2507 ioni-
1123 2455 1311 2506 =511-tta.
1324 2456 1439 2522 stropha
1452 2472 1486 2506 ex
1499 2457 1667 2508 tetrametris
1681 2459 1847 2522 composita,
1862 2464 1905 2508 ter
1916 2475 1960 2508 re·

263 2540 311 2574 cus
326 2540 342 2573 a
356 2523 571 2590 penthemimere
585 2523 705 2574 iambico
721 2525 845 2589 incipere
859 2523 1000 2586 videatur,
1019 2523 1095 2574 velut
1123 2523 1220 2588 petita.
1245 2523 1327 2573 Arist.
1341 2523 1422 2588 Vesp.
1437 2525 1591 2575 aat-eoa
1603 2545 1636 2566 =
1649 2526 1791 2576 303-315.
1803 2527 1961 2576 tetrametri

260 2608 305 2656 ap.
320 2591 402 2656 Soph.
417 2591 457 2642 El.
475 2591 547 2642 1058.
561 2587 588 2641 τί
600 2590 666 2651 τούς
679 2590 792 2643 άνωθεν
809 2589 1045 2654 φρονιμωτάτους
1057 2589 1094 2642 ol·
1109 2618 1110 2631 ι
1124 2596 1151 2640 et
1164 2591 1279 2643 dimetri.
1317 2591 1391 2640 Rara
1404 2595 1468 2641 sunt
1481 2591 1606 2656 exempla
1623 2594 1730 2642 numeri
1742 2594 1817 2643 ultra
1829 2599 1962 2658 quattuor

262 2657 354 2719 ωνούς
378 2657 441 2721 (hoc
463 2658 570 2722 syllaba
592 2659 680 2724 prima
702 2662 842 2722 correpta)
859 2677 894 2702 =
913 2661 985 2710 1070.
1003 2665 1031 2708 et
1049 2677 1094 2724 ap.
1125 2658 1211 2723 pedes
1224 2659 1387 2719 continuati,
1406 2664 1437 2708 ut
1449 2666 1493 2724 a'p.
1508 2657 1670 2724 Sophoclem
1687 2659 1728 2708 El.
1744 2664 1818 2712 1059.
1835 2661 1883 2711 ubi
1896 2665 1961 2725 post

260 2726 534 2777 Aesclr.Prom.128.
554 2725 641 2788 μηδέν
658 2726 798 2792 φοβηθῇς·
819 2723 898 2789 φιλία
915 2727 969 2790 γὰρ
986 2725 1035 2778 ἅδε
1047 2725 1094 2777 τά-
1109 2727 1276 2803 γιιίπιοιιιιπι
1299 2723 1503 2787 ἀνακλώμενον
1528 2727 1635 2792 longior
1660 2729 1784 2792 sequitur
1807 2729 1961 2778 ionicorum

263 2795 301 2854 ξις
314 2792 466 2856 πτερύγων
485 2795 564 2852 βοαῖς
576 2791 710 2856 ἁμίλλαις.
723 2814 756 2834 =
770 2796 826 2843 144.
854 2793 931 2844 Idem
949 2795 1019 2844 alius
1038 2811 1096 2844 car·
1109 2808 1110 2863 γ
1123 2796 1210 2844 serios
1223 2791 1399 2856 ἐσορώμενοι
1415 2795 1524 2858 τροφᾶς
1543 2793 1714 2857 κηδομένους
1730 2793 1781 2858 ἀφ’
1793 2794 1836 2846 ῶν
1849 2810 1880 2846 τε
1894 2794 1960 2856 βλά-

262 2863 344 2910 minis
357 2867 400 2910 est
418 2861 525 2910 initium
539 2862 575 2911 ib.
590 2863 647 2911 397.
663 2859 755 2910 στένω
769 2871 801 2912 σε
813 2863 863 2921 τας
876 2858 1032 2924 οὐλομένας
1049 2860 1093 2912 τύ-
1109 2861 1258 2923 ,στω-ίσιν
1276 2859 1326 2922 ἀφ’
1339 2860 1382 2912 ὧν
1398 2860 1425 2912 τ’
1437 2861 1535 2914 ὐνασιν
1553 2851 1669 2925 cubum,
1688 2862 1750 2912 τάδ’
1765 2861 1817 2914 οὐκ
1835 2861 1880 2914 ἐπ’
1896 2861 1960 2924 ίσας

265 2941 323 2991 χας,
344 2929 503 2991 Προμηθεῦ.
515 2947 550 2972 z:
561 2929 620 2978 406.
1123 2927 1275 2991 τελούμεν;
1295 2929 1342 2979 ubi
1355 2931 1429 2994 prior·
1440 2945 1537 2980 versus
1555 2931 1583 2978 in
1597 2931 1771 2997 antistropha
1785 2933 1858 2983 1069.
1876 2930 1960 2996 pleno

311 2995 543 3059 amphibrachum
555 3027 573 3044 ..
585 3014 603 3044 a
616 3010 638 3044 ῦ
656 2997 753 3045 ionicis
772 2997 915 3060 praemisit
932 2997 1014 3046 arist.
1027 2997 1094 3046 Rau.
1109 3020 1110 3029 r
1124 2997 1288 3046 terminatur
1301 2997 1450 3058 vocabulo,
1469 2998 1497 3046 in
1515 2997 1627 3062 stropha
1644 3013 1710 3048 vero
1728 2999 1817 3049 medio
1835 3001 1864 3048 in
1876 3013 1960 3049 voca-

261 3065 319 3114 324.
336 3061 426 3125 Ἴακχ’
449 3059 473 3123 th
490 3059 653 3124 πολυτίμοις
667 3061 701 3113 έν
718 3062 809 3126 ἕδραι(
831 3061 931 3114 ἐνθάδε
947 3061 1046 3113 ναίων.
1063 3064 1196 3115 =1bulo.
1232 3065 1403 3114 Pentametri
1420 3067 1573 3130 exemplum
1591 3065 1684 3129 paullo
1701 3072 1767 3116 ante
1786 3083 1820 3116 ex
1833 3067 1957 3116 eiusdem

261 3131 320 3183 340.
337 3129 426 3194 ἔγειρε
444 3128 568 3194 φλογέας
586 3129 732 3192 λαμπάδος
749 3129 781 3180 έν
799 3131 876 3193 χερσί
888 3129 1043 3182 τινάσσων.
1069 3139 1096 3182 et
1109 3124 1111 3175 ἱ
1124 3137 1224 3197 poetae
1238 3131 1305 3182 Oed.
1320 3133 1352 3182 R.
1371 3135 1429 3183 490.
1441 3153 1474 3173 --
1487 3135 1545 3184 506,
1564 3135 1727 3197 memorari,
1746 3135 1792 3184 oni
1808 3134 1877 3184 adde
1890 3134 1959 3184 Eur.

259 3199 392 3248 creticum
405 3200 462 3248 396.
477 3195 692 3248 ttae-revetra
702 3199 827 3260 λειμῶνα
837 3197 1095 3264 >tapetiolum-³342.
1124 3199 1226 3252 Bacch.
1238 3201 1380 3250 535=55u
1409 3200 1584 3250 Tetrametro
1602 3207 1630 3251 et
1647 3206 1819 3266 pentametro
1837 3216 1902 3252 usus
1916 3208 1962 3252 est

260 3263 397 3328 νυκτέρου
414 3265 531 3330 τελετῆς
548 3265 707 3330 φωσφόρος
724 3263 828 3330 άστήρ,
847 3267 938 3332 posita
957 3268 1030 3317 inter
1047 3268 1096 3318 bos
1127 3267 1223 3316 Aesch.
1245 3267 1295 3330 hg.
1318 3269 1687 3318 till-695.=710-71‘2.
1712 3269 1873 3320 hexametro
1894 3270 1960 3319 Eur.

259 3348 357 3383 versus
369 3333 546 3382 invocatione
559 3333 633 3396 Ἴακχ
646 3331 669 3382 ὡ
683 3333 781 3396 Ἴακχε.
1108 3334 1223 3409 {Bacch¹
1243 3335 1290 3384 381
1310 3355 1343 3375 =
1360 3337 1419 3386 399.
1454 3335 1525 3386 Octo
1544 3337 1602 3386 sine
1622 3351 1709 3402 pausa
1726 3337 1811 3387 ionici
1828 3342 1893 3388 srtnt
1912 3352 1960 3402 ap.

315 3399 550 3450 Penthemimeres
575 3402 721 3452 iambicum
751 3417 811 3451 cum
837 3401 941 3468 duplici
966 3404 1096 3453 anacrusi
1124 3403 1206 3453 Arist.
1225 3404 1307 3466 Vesp.
1332 3404 1359 3451 in
1380 3403 1554 3467 antistropha
1575 3407 1633 3454 305.
1651 3405 1710 3454 306.
1732 3403 1865 3456 vocabulo
1886 3405 1963 3454 inter

258 3499 276 3515 ..
289 3499 306 3518 ο
319 3487 336 3516 a
357 3465 361 3530 ί
381 3498 398 3517 e
410 3487 428 3516 a
439 3509 459 3518 -
483 3469 510 3516 in
527 3467 580 3518 fine
598 3470 760 3533 systematis
782 3470 866 3520 ionici
886 3475 928 3522 est
947 3485 992 3535 ap.
1012 3471 1095 3534 Soplr.
1123 3470 1172 3520 hos
1186 3485 1282 3520 versus
1294 3469 1393 3534 diviso,
1407 3484 1487 3521 secus
1500 3477 1585 3534 atque
1598 3469 1626 3520 in
1639 3471 1752 3538 stropha
1764 3474 1823 3524 293.
1835 3473 1894 3524 394.

258 3534 300 3585 El.
315 3537 389 3588 1062.
402 3533 448 3586 ἐπ’
459 3532 521 3596 ἴσας
534 3535 814 3599 τελούμεν.-;1069.
845 3537 1095 3603 Arist.Vesp.30i.
1180 3537 1293 3587 Hiatum
1318 3538 1346 3587 in
1371 3543 1522 3601 systemate
1551 3539 1642 3589 ionico
1672 3537 1784 3588 admisit
1807 3538 1962 3604 Aeschylus

258 3602 293 3653 σύ
305 3600 335 3652 δέ
345 3601 416 3654 sort
429 3601 675 3665 μάίτείς.--316.
685 3602 761 3668 πάρα
771 3607 831 3668 νῷν
840 3603 993 3657 στενάζειν.
1014 3605 1095 3654 Clau-
1124 3605 1198 3654 Pers.
1219 3607 1275 3656 109.
1294 3605 1342 3653 ubi
1359 3606 1431 3670 prior
1449 3621 1545 3656 versus
1563 3609 1727 3656 terminatur
1744 3607 1835 3658 verbis
1852 3607 1961 3658 πολιαι-

258 3671 321 3720 sula
335 3671 520 3721 choriambico
534 3687 578 3736 ap.
593 3673 657 3721 Eur.
673 3672 773 3722 Bacch.
787 3674 845 3722 537.
864 3669 943 3736 χάριν
958 3671 1037 3733 οἴνας
1054 3671 1095 3723 έτι
1123 3670 1241 3734 νομένας
1254 3671 1393 3735 πνεύματι
1406 3670 1517 3737 λάβρῳ,
1535 3673 1606 3722 alter
1618 3689 1685 3724 vero
1698 3675 1732 3724 ab
1746 3674 1838 3724 vocali
1849 3674 1962 3738 incipit,

257 3749 302 3788 σοι
319 3737 322 3802 Ι
338 3740 390 3788 τού
411 3736 531 3802 Βρομίου
551 3738 674 3801 μελήσει.
692 3761 725 3780 =
744 3741 803 3790 556.
821 3738 923 3802 φονίου
936 3739 961 3791 δ’
975 3741 979 3802 Ι
995 3739 1095 3804 ἀνδρὸς
1122 3737 1224 3803 ἐσορᾶν
1242 3737 1361 3791 πόντιον
1378 3739 1478 3804 άλσος,
1496 3745 1526 3790 ut
1544 3756 1587 3806 ap.
1602 3739 1685 3805 Scpb.
1705 3740 1773 3792 Oed.
1786 3744 1819 3794 R.
1832 3744 1890 3793 492.
1910 3742 1960 3804 βα-

257 3805 337 3869 ύβριν
349 3804 494 3866 κατάσχες.
531 3807 675 3870 Singulare
688 3815 731 3858 est
745 3806 817 3872 quod
834 3807 905 3857 idem
917 3824 1013 3858 versus
1026 3809 1095 3859 ioni·
1122 3803 1200 3872 σάνῳ
1214 3807 1216 3870 l
1228 3806 1274 3858 έπί
1285 3806 1345 3857 τάν.
1363 3809 1599 3860 Eur.Bacch.380.
1610 3805 1726 3869 γελάσαι
1738 3809 1741 3872 l
1753 3807 1919 3861 ἀποπαῦσαί
1928 3822 1965 3860 τε

261 3887 309 3922 σου
329 3873 513 3922 catalecticos
531 3875 685 3938 antispasto
703 3875 864 3924 terminavit
882 3874 956 3940 (lyci.
970 3879 1029 3926 602.
1048 3890 1095 3939 μυ·
1123 3872 1264 3937 μερίμνας.
1287 3875 1421 3940 syllabam
1433 3876 1583 3940 ancipitem
1594 3877 1659 3927 Eur.
1672 3877 1775 3928 Bacch.
1787 3878 1965 3941 521.=538.,

261 3937 410 4004 ρόχριστος
423 3937 552 4002 λιπαρὸν,
567 3940 723 4004 βόστρυχον
736 3940 808 4006 αὐδᾷ
820 3940 859 4006 δέ,
874 3941 962 4006 θύραν
974 3940 1016 4004 τίς
1029 3941 1095 3993 oties
1107 3988 1110 4010 ,
1122 3943 1169 3992 ubi
1186 3957 1304 4007 persona
1317 3949 1452 4006 mutatur,
1468 3943 1553 3994 Arist.
1568 3945 1651 4008 Vesp.
1667 3946 1726 3994 299.
1739 3967 1772 3986 =
1784 3948 1841 3995 319.
1862 3950 1890 3994 et
1903 3947 1965 3995 314.

930 4921 1106 4982 Addcndum
1128 4923 1167 4982 ad
1183 4941 1215 4998 ρ.
1239 4923 1290 4982 42.

360 5066 403 5114 De
422 5079 473 5115 usu
492 5065 592 5130 pedum
611 5067 764 5119 solutorum
785 5070 814 5118 in
833 5069 958 5121 versibus
976 5071 1145 5122 tetrametris
1165 5072 1313 5124 trochaicis
1327 5075 1482 5139 nuperrime
1501 5073 1571 5124 dixit
1587 5073 1800 5138 10.Rumpelius
1829 5075 1859 5124 in
1876 5075 1974 5127 Leut-

258 5132 329 5182 schii
346 5131 492 5198 Philologo
515 5132 570 5184 rol.
588 5136 628 5185 28.
651 5152 676 5201 p.
693 5137 844 5188 tas-tat.
865 5137 1013 5203 diligenter
1036 5138 1161 5190 collectis
1184 5146 1327 5205 poetarum
1350 5141 1490 5207 exemplis.
1527 5141 1581 5191 Sed
1601 5141 1634 5191 de
1657 5141 1768 5208 dactylo
1790 5157 1868 5207 quae
1889 5143 1969 5195 dixit

258 5200 423 5265 corrigenda
442 5215 475 5250 ex
494 5200 530 5250 iis
549 5217 618 5266 quae
638 5219 687 5268 ego
707 5203 764 5254 dixi
783 5220 808 5271 p.
829 5207 872 5256 42.
