4372 6614
280 531 321 594 28
898 529 999 580 vrrs
1029 526 1357 579 scissurarum.

283 685 387 733 nemini
399 685 511 749 ignotus
524 687 600 733 esset
613 689 642 734 et
654 687 770 747 uterque
783 697 817 732 ex
830 695 915 730 scena
930 681 1055 745 conspici
1066 678 1114 730 fin·
1142 680 1266 730 iactatus
1280 679 1404 745 quidem,
1424 680 1472 730 sed
1485 681 1604 731 nondum
1616 680 1745 730 sublatus
1762 684 1851 731 status
1864 679 1978 746 popula·

283 756 378 817 gutur,
395 751 427 800 ut
439 755 557 816 apparet
569 766 603 800 ex
615 767 643 800 v.
656 752 728 814 320„
746 749 814 799 nihil
831 748 1000 814 impediebat
1013 749 1115 813 quomi·
1141 748 1180 798 ris
1194 751 1275 811 esset,
1290 748 1361 812 quod
1375 747 1480 799 duobus
1493 749 1633 799 mensibus
1647 753 1717 813 post,
1731 763 1841 799 reverso
1853 748 1976 799 Athenas

283 835 334 869 nus
347 824 445 884 poete,
465 819 625 883 postulante
637 823 739 877 metro,
756 817 807 866 hos
824 822 933 868 montes
949 816 1060 866 inverso
1075 831 1115 866 or·
1141 814 1277 865 Pisandro
1293 814 1410 866 accidit:
1430 815 1463 865 de
1481 832 1532 881 quo
1550 816 1604 865 vid.
1619 815 1797 880 Thucydides
1814 818 1844 878 8,
1857 817 1976 866 63-66.

284 887 347 936 dine
359 887 520 936 nominaret.
1194 885 1233 931 12.
1255 881 1532 946 θεσμοφοριάῑουοαι
1545 881 1688 948 πρότεραι.
1723 883 1835 934 Editam
1847 883 1919 934 hanc
1936 883 1975 932 fa·

334 955 357 1006 6.
383 957 407 1006 7.
442 951 593 1016 Προαγιὺν.
629 952 749 1016 Σφήκες.
783 953 824 1002 De
850 951 894 1001 his
920 951 1022 1001 sabulis
1047 950 1116 1000 haec
1143 951 1978 1016 bulamesseeodemquoLysistrstamanno,olymp.92,1.,

284 1021 413 1087 leguntur
425 1023 453 1072 in
466 1019 598 1072 ὑποθέσει
608 1021 767 1084 vesparum,
781 1017 909 1084 ἐδιδάχθη
922 1017 968 1069 ser
980 1017 1116 1082 ἄρχοντος
1143 1018 1274 1069 archonte
1288 1016 1392 1082 Callia,
1411 1019 1556 1083 Dionysiis
1567 1019 1694 1082 urbanis,
1713 1025 1787 1070 recte
1805 1017 1977 1068 animaduer-

286 1086 417 1151 Ἀμυνίου
436 1089 492 1150 (vel
505 1085 658 1150 Ἀμεινίου,
676 1087 773 1151 olymp.
786 1089 832 1147 89,
848 1087 883 1148 9,)
902 1085 946 1137 διὰ
958 1082 1116 1137 Φιλωνίδου
1144 1101 1202 1136 sum
1221 1089 1264 1135 est
1281 1103 1297 1135 a
1313 1086 1464 1147 Palmario,
1484 1087 1561 1136 cuius
1578 1087 1765 1137 coniecturam
1783 1087 1890 1136 duobus
1905 1101 1977 1136 nune
2045 1137 2050 1144 ,

284 1155 315 1206 έν
336 1159 371 1221 τῇ
393 1148 441 1206 πθ’
462 1154 618 1220 ὀλυμπιάδι.
653 1153 785 1218 δεύτερος
807 1153 845 1217 ῆν
870 1151 909 1215 είς
933 1152 1047 1216 Λήναια.
1072 1152 1117 1204 καί
1145 1151 1333 1204 confirmatam
1349 1153 1483 1204 habemus
1505 1154 1670 1204 testimoniis
1692 1154 1917 1215 scholiastarum,
1939 1153 1978 1202 al·

286 1221 364 1274 ἑνίκα
376 1224 492 1287 πρῶτος
505 1220 660 1286 Φιλωνίδης
669 1221 828 1304 Προαγῶνι.
849 1220 966 1272 Λεύκων
978 1219 1118 1285 Πρέσβεσι
1144 1225 1203 1270 tero
1222 1220 1257 1270 sd
1275 1237 1300 1270 v.
1321 1223 1375 1271 190.
1396 1220 1490 1285 γέρων
1507 1220 1560 1284 γάρ
1581 1218 1649 1272 τότε
1666 1219 1812 1301 Εὑριπίδης
1833 1221 1881 1284 ἠν·
1906 1219 1976 1282 έκτψ

285 1288 1118 1420 itit..htttltttttttttttttntttt‘fttthit
1144 1286 1572 1414 tillithltttttfl‘ttt
1586 1285 1976 1422 ifliihffiiiiisil'll:

287 1426 398 1476 ductam
421 1426 632 1488 archontemque
653 1425 701 1474 uni
722 1429 820 1490 poetae
837 1425 905 1475 duos
926 1424 1017 1489 palam
1038 1438 1118 1489 prae·
1147 1425 1194 1473 ubi
1206 1423 1375 1474 Lamachum
1389 1431 1486 1488 quarte
1500 1429 1563 1474 ante
1577 1439 1649 1474 anno
1667 1429 1801 1475 mortuum
1813 1438 1873 1474 esse
1886 1437 1978 1474 narra-

287 1495 381 1544 buisse
396 1494 505 1555 choros,
523 1492 596 1557 quod
608 1492 668 1542 fieri
681 1494 782 1556 potuit,
795 1492 958 1556 praesertim
971 1493 995 1542 si
1008 1489 1118 1555 quando
1145 1498 1199 1554 tur,
1211 1491 1229 1542 i.
1243 1508 1266 1541 e.
1278 1492 1377 1556 olymp.
1390 1495 1432 1552 91,
1445 1495 1471 1540 2.
1483 1497 1513 1541 ut
1527 1508 1560 1542 ex
1573 1491 1735 1554 Thucydide
1752 1497 1917 1555 compertum
1929 1490 1978 1540 ha·

288 1561 337 1611 alii
352 1563 397 1626 qui
410 1561 536 1610 archonti
555 1561 698 1625 placerent
716 1565 814 1626 poetae
829 1559 990 1620 delicerent,
1008 1559 1057 1608 sed
1069 1558 1119 1606 illa
1146 1559 1350 1622 bemus6,101.
1375 1559 1490 1610 Accedit
1503 1559 1539 1610 ad
1549 1559 1619 1609 haec
1631 1561 1719 1624 ipsius
1731 1559 1924 1624 Aristophanis
1936 1564 1977 1608 te-

289 1634 383 1678 aetate
395 1643 513 1692 unquam
527 1629 632 1679 fuctum
645 1643 705 1678 esse
719 1627 794 1678 nullo
811 1627 866 1677 alio
880 1627 1006 1692 exemplo
1019 1641 1119 1691 cogno·
1146 1627 1305 1676 stimonium
1320 1643 1347 1675 ν.
1366 1629 1439 1678 1060.
1457 1625 1532 1689 Ἠχὼ
1549 1653 1583 1664 -
1604 1625 1608 1691 Ι
1631 1627 1706 1691 ἢπερ
1723 1625 1841 1692 πέρυσιν
1857 1624 1887 1676 ἐν
1903 1623 1978 1689 τῷδε

288 1697 387 1758 vimus,
406 1711 457 1745 nec
477 1694 572 1760 colligi
594 1699 686 1760 potest
708 1710 742 1744 ex
759 1700 932 1745 monumento
949 1693 1119 1744 didascalico
1145 1691 1242 1756 ταύτῷ
1255 1691 1350 1759 χωρίῳ
1365 1694 1393 1755 (i.
1407 1710 1431 1746 e.
1444 1693 1472 1743 in
1486 1694 1594 1744 theatro
1606 1695 1750 1759 Dionysiis
1761 1693 1885 1755 urbanis)
1905 1689 1911 1759 Ι
1930 1690 1979 1742 Εὑ-

290 1765 387 1828 olymp.
403 1765 459 1823 106,
474 1765 498 1813 3.
515 1765 544 1812 in
558 1763 639 1828 Oorp.
651 1763 739 1812 Inscr.
753 1765 810 1816 931,
829 1762 882 1812 vol.
898 1765 919 1812 1.
934 1779 959 1828 p.
972 1765 1030 1813 363.
1049 1759 1120 1825 qued
1146 1758 1240 1827 ριπίδη
1263 1759 1500 1826 ξυνηγωνιζόμην.
1529 1763 1577 1812 ubi
1598 1761 1684 1812 schol.
1706 1759 1768 1812 ἐπεί
1789 1759 1906 1824 πέρυσιν
1928 1758 1979 1811 έδι-

291 1833 446 1895 comparavi
458 1831 487 1878 in
500 1836 592 1881 annot.
603 1830 637 1879 ad
647 1830 756 1894 Fragm.
768 1846 793 1894 p.
806 1831 861 1880 189.
874 1831 902 1879 in
912 1845 964 1895 quo
973 1829 1120 1891 Diodorus,
1146 1828 1234 1893 δάχθη
1247 1829 1264 1891 ή
1279 1827 1458 1893 Ἀνδρομέδα,
1471 1828 1505 1878 de
1516 1845 1571 1893 qus
1583 1829 1772 1881 sch01.1tanar.
1783 1831 1856 1881 ποθ.
1867 1828 1979 1893 (olymp.

290 1899 396 1947 mediae
419 1897 578 1947 comoediae
600 1904 696 1962 poeta,
718 1895 849 1961 δεύτερος
868 1896 966 1962 Νεκρῷ
990 1897 1117 1960 idemque
1147 1899 1194 1957 93,
1208 1893 1243 1960 3.)
1261 1894 1345 1959 ἡγὰρ
1359 1894 1528 1959 Ἀνδρομέδα
1544 1895 1637 1961 ὁγδόψ
1655 1895 1712 1948 ἔτει
1728 1897 1920 1961 προεισῆκται.
1942 1909 1978 1944 ex

288 1963 382 2029 τρίτος
396 1963 566 2030 Μαινομένιμ
581 1965 666 2014 fuisse
680 1963 794 2026 dicitnr,
809 1965 881 2029 quod
895 1981 928 2014 ea
942 1968 1044 2026 aetate,
1058 1963 1120 2013 sub·
1148 1980 1201 2028 quo
1219 1965 1341 2029 sequitur
1358 1964 1494 2014 vocabulo
1514 1962 1631 2027 πέρυσίν
1648 1963 1800 2028 significari
1816 1962 1980 2030 olympiadis

289 2035 346 2084 lata
364 2033 508 2098 choragia,
527 2032 639 2082 facilius
656 2031 714 2082 fieri
731 2039 841 2097 poterat
858 2048 938 2097 quam
956 2032 1060 2082 veteris
1078 2046 1122 2080 co·
1148 2035 1188 2082 91.
1207 2047 1307 2081 ιιιιιιιιιιι
1326 2037 1460 2096 quartum.
1495 2033 1644 2082 Praeterea
1664 2031 1798 2083 Palmarii
1819 2031 1980 2082 coniectura

287 2101 412 2152 moadiae
428 2100 605 2164 temporibus,
618 2101 647 2149 in
660 2103 741 2150 tanta
753 2101 967 2150 clarissimorum
978 2105 1121 2165 poetarum
1148 2098 1353 2149 commendatur
1363 2116 1390 2148 ν.
1404 2102 1463 2150 804.
1482 2100 1529 2150 ubi
1542 2099 1682 2149 Charmini
1699 2099 1792 2150 clades
1804 2103 1979 2160 memoratur,

289 2168 475 2218 aemulatione
488 2173 517 2218 et
528 2168 719 2233 opulentorum
733 2167 911 2232 choregorum
924 2169 1042 2218 fervore.
1061 2166 1121 2214 Non
1149 2181 1229 2230 quum
1248 2165 1296 2216 illo
1317 2167 1378 2230 ipso
1401 2182 1472 2216 anno
1490 2167 1594 2216 siesse
1612 2167 1734 2232 illatam,
1756 2174 1870 2218 mortem
1888 2172 1982 2216 autem

273 2253 275 2256 ·
288 2237 361 2286 mula
373 2237 460 2300 igitur
468 2235 630 2296 Hermanni,
643 2236 768 2299 quamvis
782 2235 861 2285 falsis
872 2235 949 2284 ducti
958 2233 1120 2295 rationibus,
1148 2235 1207 2285 eius
1220 2250 1292 2284 anno
1303 2235 1424 2298 proximo
1435 2232 1546 2300 (olymp.
1555 2237 1597 2297 92,
1608 2235 1643 2298 9.)
1656 2250 1716 2285 esse
1728 2239 1851 2286 secutam
1861 2250 1894 2284 ex
1908 2233 1982 2283 Thu-

289 2305 381 2369 opiuio
399 2310 454 2364 est,
474 2304 518 2352 cui
535 2299 692 2367 Φιλωνίδης
708 2308 771 2366 post
788 2303 833 2353 καί
851 2299 929 2353 ἐνίκα
943 2304 1057 2365 πρῶτος
1074 2316 1122 2364 per
1149 2301 1255 2365 cydidis
1268 2302 1426 2352 narratione
1441 2302 1534 2366 colligi
1548 2306 1639 2367 potest
1652 2305 1676 2366 θ,
1689 2304 1731 2352 42.
1745 2307 1774 2353 et
1785 2305 1828 2354 43.
1853 2303 1885 2352 ln
1899 2305 1980 2350 tanta

289 2387 408 2421 errorem
425 2371 534 2420 illatum
552 2371 712 2420 ridebatur:
736 2385 789 2434 quo
811 2369 920 2420 sublato
938 2369 1041 2419 archon
1059 2367 1122 2417 cho·
1148 2369 1243 2419 horum
1264 2371 1485 2419 testimoniorum
1509 2369 1705 2436 perspicuitate
1727 2385 1824 2436 parum
1847 2368 1980 2419 credibile

289 2455 347 2488 rum
369 2454 451 2488 unum
472 2437 628 2489 Philonidis
646 2439 746 2502 Vespis
767 2453 905 2502 unumque
927 2437 976 2488 Ari
993 2436 1122 2501 tophanis
1148 2437 1260 2487 ‘videtur
1276 2441 1398 2486 veterem
1416 2437 1580 2501 doctumque
1603 2437 1784 2488 scholiastam
1800 2436 1980 2486 annotatione

287 2504 442 2570 Προαγῶνι
455 2505 615 2570 praebuisse
629 2505 736 2554 dicitur.
758 2505 843 2570 quue
858 2453 1028 2570 probahidus
1041 2518 1122 2568 quam
1148 2504 1183 2554 ad
1196 2519 1222 2554 v.
1236 2507 1276 2554 32.
1291 2505 1448 2570 scripsisse,
1468 2502 1563 2568 tarsitii
1577 2503 1612 2556 οὺ
1624 2503 1710 2555 πάλαι
1722 2504 1827 2569 ἤρξατο
1841 2501 1981 2555 διδάσκειν

288 2574 332 2624 διὰ
345 2571 503 2625 Φιλωνίδου
516 2573 672 2636 delendum,
686 2570 843 2637 Φιλωνίδης
856 2571 1122 2622 autemservandum
1148 2569 1176 2636 (δ
1193 2570 1348 2636 Ἀγάθων),
1372 2571 1443 2622 ἀλλά
1462 2572 1554 2635 τρισίν
1576 2571 1632 2636 πρὸ
1652 2571 1758 2623 τούτου
1779 2572 1886 2635 ἔτεσιν,
1908 2571 1981 2637 quod

289 2657 359 2693 esse.
395 2641 464 2692 Nam
482 2656 563 2705 quum
584 2641 612 2689 in
629 2642 761 2706 parabasi
778 2642 930 2706 vesparum
951 2654 978 2692 ν.
996 2641 1068 2689 1044.
1086 2638 1120 2688 de
1148 2639 1221 2688 haud
1235 2639 1317 2689 dubie
1328 2632 1355 2700 γ’
1366 2640 1395 2689 in
1408 2632 1430 2691 ε’
1442 2645 1547 2690 mutato
1559 2640 1734 2690 scribendum
1745 2638 1816 2692 ἀλλὰ
1828 2638 1914 2690 πέντε
1924 2637 1980 2702 πρὺ

288 2710 389 2759 iniuria
407 2724 478 2759 anuo
495 2708 691 2773 praecedente,
709 2723 761 2772 quo
775 2707 869 2758 Nubes
885 2724 940 2758 non
956 2723 1006 2758 suo
1023 2707 1120 2771 ipsius,
1148 2706 1262 2757 τούτων
1274 2704 1381 2770 ἔτεσιν,
1400 2712 1431 2757 ut
1443 2707 1564 2757 ostendit
1576 2706 1723 2758 Clintonus
1739 2708 1769 2756 in
1780 2708 1876 2758 Fastis
1888 2703 1942 2758 vol.
1956 2708 1981 2755 2.

289 2777 352 2840 sed,
370 2779 401 2825 ut
418 2791 501 2842 supra
518 2775 700 2839 ostendimus,
723 2774 879 2826 Philonidis
902 2775 1009 2824 nomine
1028 2773 1120 2823 editas
1149 2791 1174 2840 p.
1191 2775 1316 2824 XXXIV.
1339 2773 1382 2828 ed.
1400 2779 1463 2824 tert.
1500 2774 1673 2839 Agathonem
1690 2776 1762 2826 enim
1780 2776 1911 2826 archonte
1927 2774 1983 2823 Ειι-

290 2844 435 2904 docuerat,
456 2844 510 2893 sibi
527 2844 604 2893 iacta
622 2846 819 2908 conqueratur,
838 2843 988 2893 verisimile
1007 2849 1051 2891 eat
1061 2843 1121 2891 Ari·
1148 2842 1246 2906 phemo
1268 2841 1369 2906 olymp.
1388 2845 1433 2903 90,
1450 2845 1475 2892 4.
1495 2843 1637 2894 victoriam
1661 2849 1817 2908 reportasse
1840 2844 1875 2893 ab
1897 2841 1982 2892 Athe·
2072 2855 2078 2862 ·

289 2911 465 2977 stephanam,
485 2926 565 2976 quum
584 2910 720 2960 alterutra
736 2910 853 2976 proximi
875 2911 940 2960 anni
958 2907 1054 2959 fabula
1072 2909 1121 2958 ali·
1149 2925 1218 2960 naeo
1231 2909 1369 2975 proditum
1381 2915 1423 2960 est
1437 2911 1460 2960 ὑ.
1473 2927 1498 2976 p.
1510 2912 1568 2960 uis.

290 2996 340 3030 eno
361 2979 470 3028 nomine
489 2978 596 3028 edenda
613 2983 699 3040 esset,
721 2978 831 3042 Vespas
852 2992 933 3041 quam
949 2977 1121 3041 Proagonem
1198 2976 1295 3027 Altera
1311 2977 1393 3027 huius
1415 2978 1527 3027 fabulae
1549 2977 1671 3029 editione
1693 2977 1761 3042 (30.)
1783 2979 1818 3028 ab
1839 2977 1982 3028 Demetrio

288 3047 428 3097 Philonidi
445 3047 615 3096 committere
633 3045 777 3108 maluisse,
796 3051 824 3096 et
839 3045 990 3109 prudenter
1003 3044 1121 3108 quidem,
1148 3045 1301 3095 Troezenio
1323 3060 1377 3094 nou
1399 3043 1678 3109 ΘεσμοφοριάΖουσαι
1699 3044 1840 3109 δεύτεραι,
1865 3044 1913 3096 sed
1930 3042 1982 3094 Θε·

287 3119 319 3164 ut
333 3118 448 3164 eventus
461 3113 563 3164 docuit.
593 3115 662 3164 Nam
674 3113 819 3177 Proagone
832 3113 910 3174 vicit,
922 3128 976 3162 non
989 3113 1057 3161 vicit
1069 3112 1121 3162 Vs·
1148 3110 1373 3176 ομοφοριάσασαι
1390 3113 1539 3177 inscripta,
1558 3114 1676 3178 priorem
1691 3130 1747 3164 uon
1763 3119 1821 3164 tam
1833 3115 1982 3178 repetitam

290 3185 356 3247 spis,
372 3197 442 3246 quae
455 3181 576 3231 secundo
589 3181 663 3243 loco,
677 3186 708 3231 ut
720 3181 814 3231 Nubes
826 3181 910 3231 tertio
923 3181 993 3243 loco,
1006 3179 1120 3229 habitae
1150 3195 1231 3244 quarn
1248 3181 1437 3230 continuatam
1455 3180 1546 3231 videri
1563 3181 1620 3231 dixi
1638 3180 1673 3231 ad
1689 3181 1798 3246 Fragm.
1815 3196 1841 3246 p.
1854 3181 1913 3232 206.
1937 3180 1981 3228 De

288 3254 361 3300 sunt.
398 3250 476 3300 Haec
500 3249 523 3297 si
547 3253 623 3298 recte
648 3247 861 3314 disputavimus,
886 3245 1044 3310 Φιλωνίδης
1067 3262 1122 3297 non
1150 3262 1221 3299 anno
1235 3263 1287 3311 quo
1300 3252 1365 3298 scta
1378 3248 1624 3301 sitnihilconstct.

290 3317 454 3382 simpliciter
467 3317 622 3378 delendum,
640 3315 688 3366 sed
702 3316 793 3381 potius
806 3317 835 3365 in
849 3312 1053 3379 Ἀριστοφάνης
1065 3331 1122 3364 mu·
1208 3319 1247 3366 13.
1273 3317 1310 3365 16.
1346 3314 1477 3376 Πλοῦτος
1501 3316 1648 3380 πρότερος.
1687 3314 1820 3377 Πλοῦτος
1840 3313 1982 3378 δεύτερος,

290 3383 403 3435 tandum
414 3385 475 3448 erit,
489 3383 561 3448 quod
574 3385 602 3432 in
613 3382 777 3434 didascaliie
790 3385 930 3434 exstiterit
942 3397 1056 3433 necesse
1069 3387 1120 3436 est.
1149 3383 1228 3432 Prior
1244 3383 1325 3432 huius
1343 3383 1455 3433 fabulae
1473 3383 1559 3433 editio
1578 3389 1642 3434 ueta
1659 3388 1703 3434 est
1721 3384 1820 3449 olymp.
1838 3385 1884 3447 92,
1896 3385 1921 3432 4.
1939 3397 1983 3432 ar·

188 3515 190 3519 Α
288 3453 321 3502 Id
338 3453 366 3500 in
380 3448 538 3515 Φιλωνίδης
555 3452 590 3500 ab
609 3457 760 3502 correctore
778 3452 880 3500 mutari
897 3451 987 3515 potuit
1004 3453 1050 3515 qui
1067 3466 1121 3501 non
1151 3450 1250 3500 chonte
1263 3449 1375 3514 Diocle,
1389 3451 1478 3501 altera
1491 3452 1592 3517 viginti
1604 3453 1685 3502 annis
1698 3458 1774 3517 post,
1789 3452 1887 3516 olymp.
1900 3453 1942 3511 97,
1955 3453 1982 3504 4.

290 3519 460 3582 intelligeret
473 3535 521 3568 cur
533 3519 725 3584 Aristophanis
742 3533 841 3569 nomen
856 3519 901 3569 hic
913 3518 1062 3583 repetitum
1075 3519 1120 3580 sit,
1135 3513 1137 3597 ί
1150 3518 1283 3568 archonte
1296 3518 1449 3583 Antipatro.
1485 3520 1526 3568 De
1544 3524 1662 3584 utraque
1676 3519 1794 3569 videnda
1811 3535 1880 3583 quae
1893 3519 1983 3569 itiite-

289 3603 371 3652 quum
384 3589 493 3650 Vespae
507 3602 614 3652 quoque
627 3586 821 3651 Aristophanis
834 3589 899 3641 sint.
1135 3604 1137 3649 ς
1150 3601 1195 3636 rus
1208 3601 1313 3651 egoque
1327 3585 1444 3636 diximus
1461 3589 1490 3634 in
1502 3586 1601 3636 Annot.
1616 3585 1703 3636 Oxou.
1721 3603 1747 3651 p.
1762 3589 1876 3638 19-40.
1904 3587 1985 3636 Prior

340 3657 365 3706 8.
380 3657 421 3705 28.
446 3651 558 3718 Εἰρήνη.
583 3654 673 3704 Huius
692 3653 802 3705 fabulae
816 3654 917 3718 duplex
930 3653 1016 3704 editio
1033 3654 1062 3702 in
1075 3653 1121 3704 Δι-
1151 3654 1236 3704 editio
1255 3669 1336 3718 quum
1353 3654 1458 3704 veteris
1475 3653 1633 3704 comoediae
1653 3659 1760 3717 aetate,
1783 3654 1902 3705 nondum
1920 3653 1984 3703 sub·

288 3719 449 3782 δασκαλίαις
471 3728 621 3772 memorata
639 3722 705 3786 fuit,
727 3721 802 3787 prior
822 3737 892 3786 quae
914 3725 1041 3785 superest
1057 3726 1121 3770 acta
1150 3721 1208 3770 lata
1232 3721 1376 3786 eboregia,
1402 3725 1465 3771 acta
1491 3722 1540 3782 sit,
1569 3720 1658 3772 altera
1681 3737 1747 3772 vero
1771 3722 1877 3772 mediae
1901 3735 1983 3786 quam

289 3791 387 3854 olymp.
400 3791 442 3852 89,
452 3793 477 3842 3.
491 3789 622 3840 archonte
636 3789 751 3850 sleae0;
764 3789 892 3852 alterius,
906 3804 977 3854 quae
990 3804 1045 3838 non
1058 3804 1121 3838 con·
1150 3789 1326 3853 grammatici
1340 3787 1515 3854 appellarunt
1529 3789 1688 3839 comoediae
1699 3791 1748 3851 sit,
1770 3789 1850 3840 valde
1871 3787 1983 3839 diversa

289 3862 407 3922 statque
419 3872 489 3906 anno
500 3860 564 3906 acta
577 3858 670 3914 fuerit,
681 3857 915 3921 exemplariaiam
929 3857 1122 3906 Eratosthenis
1149 3857 1235 3907 fuisse
1258 3855 1369 3907 videtur
1390 3873 1406 3905 a
1427 3857 1595 3921 posteriore,
1621 3871 1689 3920 quac
1711 3861 1852 3922 superest,
1875 3857 1904 3905 in
1927 3871 1983 3921 qua

290 3931 383 3974 aetate
397 3923 472 3973 nulla
486 3923 583 3972 haberi
596 3925 716 3988 potuisse
729 3923 873 3973 videntur:
888 3923 920 3974 de
935 3938 988 3988 quo
999 3923 1121 3973 videnda
1151 3924 1196 3975 vix
1208 3923 1267 3973 ulla
1280 3924 1454 3988 reperiuntur
1471 3924 1579 3974 cantica
1598 3923 1674 3974 chori
1692 3929 1720 3973 et
1736 3923 1811 3973 haud
1829 3924 1912 3974 dubie
1924 3924 1983 3973 alia

290 4007 360 4056 quae
380 3995 406 4040 in
425 3988 559 4041 ὑποθέσει
580 4007 607 4054 p.
626 3993 666 4042 66.
686 3992 725 4041 67.
745 3991 827 4040 huius
844 3991 911 4041 edit.
930 3995 1076 4040 narrantur
1093 3997 1121 4041 et
1149 3991 1237 4042 mults
1249 3991 1294 4040 vel
1307 3991 1403 4060 addita
1415 3990 1460 4042 vel
1473 3991 1574 4041 omissa
1583 3991 1628 4042 vel
1637 3996 1743 4041 mutatu
1753 4001 1824 4054 sunt,
1836 3997 1866 4040 ut
1875 3995 1983 4040 mutata

289 4075 425 4179 quatit?
439 4058 790 4190 ilidipibgmelissig.
813 4127 938 4190 nen..
952 4095 1125 4176 annea·
1149 4057 1984 4191 {ttttllttttthttttttltlt:..illitttttttl

289 4193 388 4258 olymp.
402 4196 485 4255 91,2.
507 4193 641 4242 archonte
655 4193 783 4256 Chabric.
818 4194 855 4243 Et
871 4194 988 4257 priorem
1002 4193 1121 4257 quidem,
1150 4193 1183 4244 de
1196 4195 1314 4245 victoria
1325 4194 1526 4255 contenderint,
1537 4200 1569 4242 ut
1580 4194 1609 4243 in
1618 4194 1683 4243 aliis
1693 4195 1818 4244 omnibus
1828 4207 1896 4258 quas
1905 4193 1983 4244 novi-

289 4267 319 4309 ut
337 4263 365 4310 in
383 4259 517 4312 ὑποθέσει
533 4277 558 4326 p.
571 4261 611 4310 84.
631 4265 806 4324 annotatum,
823 4263 946 4310 Lenaeis
958 4258 1064 4313 ἐδίδαξε
1078 4260 1122 4312 διὰ
1150 4277 1209 4312 mus
1218 4261 1443 4327 praecedentium
1452 4261 1608 4311 fabularum
1619 4259 1789 4324 didascaliis,
1803 4261 1852 4311 sed
1862 4261 1982 4326 quinque

291 4326 457 4390 Φιλωνίδου,
476 4329 592 4378 alteram
609 4328 732 4390 καθῆκεν
749 4325 789 4388 είς
801 4325 872 4378 ἄστυ
895 4327 924 4392 (i.
939 4345 961 4378 e.
979 4329 1122 4392 Dionysiis
1150 4336 1336 4380 memorantur
1353 4333 1465 4394 poetae,
1487 4325 1614 4392 ἐδιδάχθη
1632 4327 1678 4379 έπί
1697 4327 1834 4392 ἄρχοντος
1852 4327 1983 4379 Ἀντιπά-

290 4395 414 4457 urbanis)
426 4394 470 4446 διὰ
484 4393 700 4460 Καλλιστράτου,
925 4435 926 4438 .
1150 4411 1228 4461 τρου,
1238 4394 1499 4458 ἀνταγωνιζομένου
1510 4393 1589 4460 αὐτῷ
1601 4393 1772 4460 Νικοχάρους
1781 4396 1833 4458 μὲν
1842 4394 1982 4460 Λάκωσιν,

342 4464 382 4510 11.
401 4461 586 4527 Λυσιστράτη.
606 4463 718 4513 Editam
732 4463 803 4512 hanc
813 4463 937 4513 fabulam
952 4479 1013 4514 esse
1023 4463 1122 4529 olymp.
1151 4463 1364 4528 Ἀριστομένους
1382 4463 1412 4514 δέ
1430 4461 1573 4528 Ἀδμήτῳ,
1595 4461 1777 4526 Νικοφῶντος
1798 4462 1828 4513 δέ
1845 4461 1982 4518 Ἀδώνιδι,

290 4531 333 4593 θ’),
347 4533 369 4581 1.
384 4531 515 4580 archonte
529 4529 617 4580 Callia
630 4531 719 4581 tribus
732 4535 842 4581 constat
855 4531 1022 4582 testimoniis
1035 4547 1122 4596 gram·
1151 4530 1280 4583 Ἀλκαίου
1293 4529 1438 4598 Πασιφάη,
1453 4531 1526 4597 quod
1537 4547 1568 4580 eo
1583 4530 1776 4595 explicandum
1787 4531 1898 4582 videtur
1910 4530 1984 4594 quod

290 4597 461 4660 maticorum,
474 4599 619 4663 scriptoris
629 4599 792 4663 argumenti,
806 4596 934 4664 ἐδιδάχθη
945 4597 992 4649 έπί
1003 4596 1122 4650 Καλλίου
1151 4599 1259 4655 sublata
1280 4599 1410 4664 choragia
1436 4599 1597 4664 omissisque
1617 4598 1693 4648 chori
1715 4600 1834 4650 canticis
1855 4613 1984 4648 numerus

290 4662 427 4727 ἄρχοντος
439 4667 490 4714 τοῦ
510 4665 579 4728 μετὰ
595 4663 762 4730 Κλεόκριτον
779 4664 923 4730 ἄρξαντος.
950 4663 1076 4730 είσῆκται
1093 4665 1123 4718 δέ
1149 4671 1293 4732 poctarum
1306 4671 1405 4730 suctus
1422 4668 1524 4730 estqui
1541 4667 1570 4714 in
1583 4672 1722 4716 certamen
1741 4665 1941 4717 descenderent
1954 4670 1983 4716 et

289 4730 334 4784 διὰ
352 4728 569 4794 Καλλιστράτου.
599 4739 627 4783 et
644 4733 813 4785 scholiastae
831 4733 867 4784 ad
884 4750 909 4785 ν.
925 4737 981 4784 173.
1003 4732 1122 4786 Καλλίου
1150 4749 1220 4785 unus
1232 4739 1339 4784 tuntum
1356 4735 1386 4783 in
1399 4749 1507 4798 quaqua
1525 4733 1715 4784 commissione
1727 4735 1817 4784 uictor
1836 4740 1878 4784 est
1891 4732 1982 4782 decla·

289 4797 435 4863 ἄρχοντος,
455 4797 501 4861 ἐφ’
512 4798 545 4850 οὑ
559 4797 674 4866 εἰσήχθη
687 4800 721 4851 τὸ
735 4800 833 4864 δρᾶμα.
857 4802 1033 4865 eiusdemque
1047 4803 1083 4851 ad
1094 4819 1121 4857 v.
1149 4807 1239 4852 ratus:
1260 4817 1329 4866 quae
1347 4802 1383 4850 H.
1402 4799 1518 4865 Sauppii
1536 4815 1643 4865 quoque
1661 4802 1801 4851 sententia
1813 4807 1869 4864 est,
1888 4800 1981 4866 quide

290 4869 363 4918 1096.
382 4865 428 4917 έπί
445 4863 570 4929 Σικελίας
588 4867 706 4930 έμελλον
723 4868 806 4919 πλεῑν
819 4867 875 4934 πρὸ
887 4867 962 4919 έτιίιν
974 4865 1123 4933 τεσσάρων
1149 4870 1202 4920 hac
1224 4869 1379 4920 didascalia
1401 4869 1471 4918 dixit
1490 4869 1519 4917 in
1535 4870 1628 4921 Relat.
1651 4883 1705 4918 soc.
1723 4868 1765 4918 lit.
1784 4869 1938 4919 Saronicus
1957 4882 1982 4917 a.

289 4937 340 4998 τῆς
352 4932 496 4994 καθέσεως
507 4935 611 4986 τούτου
630 4937 681 4987 τοὺ
699 4934 849 5001 δράματος.
874 4951 954 5002 quam
973 4936 1123 5002 expeditio·
1150 4938 1224 4987 1866.
1234 4939 1376 5002 pli-22.
1393 4935 1474 4985 Aliud
1484 4936 1625 4985 inferioris
1635 4936 1737 4986 aetatis
1751 4934 1863 5000 (olymp.
1878 4936 1934 4998 106,
1945 4933 1983 4998 3.)

289 5017 351 5051 nem
364 5008 522 5066 susceptam
539 5019 600 5052 esse
619 5004 718 5070 olymp.
732 5007 817 5069 91,2.
835 5005 966 5054 archonte
980 5003 1071 5054 Callia
1090 5020 1123 5054 ex
1150 5005 1301 5070 exemplum
1326 5005 1446 5069 quinque
1475 5003 1675 5053 comoediarum
1698 5003 1727 5052 in
1752 5019 1806 5054 uuo
1831 5003 1981 5053 certamine

288 5067 451 5134 Thucydide
471 5075 638 5134 compertum
655 5072 785 5122 habemus
801 5074 829 5134 6,
848 5075 888 5123 30.
917 5072 1013 5122 Aetam
1031 5076 1123 5122 autern
1149 5072 1343 5138 producturum
1360 5077 1402 5122 est
1420 5073 1448 5120 in
1465 5073 1548 5120 inser.
1567 5087 1609 5136 ap.
1621 5070 1743 5121 Bocclrh.
1757 5087 1799 5121 nr.
1813 5073 1871 5122 231.
1889 5070 1943 5121 vol.
1958 5075 1982 5124 1.

289 5136 458 5187 comoediam
477 5151 538 5186 esse
551 5139 683 5202 Lenaeis,
703 5143 717 5188 i.
733 5155 756 5188 e.
774 5155 868 5190 mense
881 5137 1050 5200 Gamelione,
1068 5155 1123 5189 non
1148 5156 1175 5205 p.
1188 5143 1247 5192 353.

290 5204 433 5267 Dionysiis
453 5204 580 5264 urbanis,
605 5221 696 5258 mense
719 5206 936 5270 Elaphebolione
962 5205 1119 5268 celebratis,
1202 5209 1241 5259 14.
1260 5204 1406 5270 Βάτραχοι.
1428 5207 1499 5256 Acta
1512 5206 1582 5255 haec
1594 5205 1689 5256 fabula
1702 5210 1753 5268 est,
1767 5209 1796 5255 ut
1807 5207 1836 5255 in
1848 5202 1983 5256 ὑποθέσει

289 5276 366 5322 recte
383 5276 506 5332 statuere
528 5271 637 5322 videtur
654 5273 822 5324 Suevernius
843 5275 872 5323 in
894 5275 1122 5324 commentatione
1148 5279 1323 5337 annotatum,
1348 5273 1392 5324 διὰ
1413 5270 1584 5336 Φιλωνίδου,
1610 5275 1745 5335 Lenaeia,
1773 5272 1874 5338 olymp.
1892 5275 1938 5334 93,
1957 5276 1983 5326 θ.

289 5338 322 5388 de
335 5339 460 5389 Nubibus
474 5356 500 5404 p.
511 5341 551 5389 44.
573 5340 626 5402 Qui
639 5342 692 5390 etsi
704 5341 942 5407 quaedamminus
955 5345 1030 5392 recte
1043 5340 1122 5402 dixit,
1149 5342 1279 5402 archonte
1305 5341 1407 5406 Gallia,
1432 5342 1510 5391 brevi
1534 5345 1599 5406 post
1618 5339 1758 5405 Euripidis
1783 5340 1982 5406 Sophoclisque

287 5405 356 5456 illud
375 5411 468 5456 tamen
486 5421 550 5456 vere
568 5408 772 5472 animadvertit,
790 5411 977 5460 usto—492.
995 5406 1058 5459 “ivu
1068 5407 1122 5472 γάρ
1147 5409 1400 5474 obitumtempore,
1419 5409 1452 5459 de
1465 5423 1518 5474 quo
1532 5409 1692 5474 supradixi.
1727 5407 1836 5458 Fabula
1849 5409 1910 5472 ipsa
1922 5413 1985 5457 tan-

289 5469 465 5538 Πείσανδρος
477 5472 535 5535 έχοι
548 5471 681 5524 κλέπτειν
698 5473 742 5537 χοί
753 5480 814 5538 ταῖς
827 5476 923 5541 ἀρχαῖς
935 5474 1100 5540 ἐπέχοντες,
1116 5474 1119 5541 ί
1146 5484 1242 5541 ωροτε
1255 5476 1357 5542 placuit
1374 5481 1472 5527 utnon
1486 5475 1574 5526 solum
1592 5477 1696 5540 primus
1712 5475 1789 5525 locus
1806 5476 1833 5526 ei
1850 5476 1984 5525 tribuere-

288 5537 331 5593 ἀεί
348 5555 411 5591 τινα
429 5541 605 5605 κορκορυγὴν
624 5537 741 5593 έκὺκων.
770 5541 797 5596 ol
814 5544 839 5596 δ’
855 5543 906 5595 οὑν
922 5542 1002 5595 τοῦδ’
1018 5541 1122 5594 οὑνεκα
1147 5548 1192 5593 tur
1203 5545 1239 5594 ab
1252 5543 1389 5595 iudicibus
1403 5545 1562 5595 certaminis
1576 5558 1636 5593 cum
1646 5543 1800 5608 Phrynicho
1814 5549 1843 5593 et
1855 5543 1984 5606 Platone,

288 5606 428 5673 δρώντων
444 5606 448 5673 Ι
464 5608 518 5659 ὅτι
532 5607 692 5671 βούλονται·
710 5609 745 5661 τὸ
757 5611 810 5675 γάρ
823 5611 955 5677 άργὺριον
966 5610 1047 5661 τοοτ’
1059 5609 1122 5662 οὑκ·
1148 5610 1196 5662 sed
1215 5613 1296 5662 etiam
1312 5612 1405 5677 paullo
1423 5616 1486 5677 post
1503 5611 1593 5662 denuo
1609 5612 1639 5662 in
1656 5625 1767 5662 scenam
1784 5610 1987 5676 produceretur

289 5676 331 5730 έτι
344 5676 381 5742 μὴ
396 5674 583 5742 καθέλωσιν,”
596 5693 628 5726 eo
642 5691 703 5727 csse
716 5684 838 5744 tempore
851 5681 968 5746 scriptos
980 5693 1033 5744 quo
1046 5675 1121 5729 labe·
1147 5675 1360 5745 (άνεδιδάχθη),
1385 5684 1415 5728 ut
1439 5693 1473 5729 ex
1495 5679 1669 5732 Dicaearcho
1695 5679 1841 5730 annotavit
1865 5678 1988 5743 scriptor
