4402 6610
311 505 335 554 X
1028 506 1276 558 PRAEFATIO.

376 663 439 726 νικᾷ
456 659 481 710 δ’
498 660 615 725 ἐναργής
634 659 783 723 βλεφάρων
800 656 894 722 ίμερος
913 657 1064 723 εὐλέκτρου
1165 656 1294 726 Sphingis
1315 656 1486 725 aenigmate,
1509 672 1556 710 rex
1574 655 1663 710 factus
1682 655 1754 719 erat,
1777 657 1837 709 tam
1859 669 1923 710 rara
1939 654 1998 708 feli-

377 743 501 808 νύμφας,
519 747 579 796 τῶν
599 743 728 807 μεγάλων
746 764 763 794 r
775 776 792 793 a
803 777 821 794 a
832 786 853 795 r
865 785 884 795 -
1165 741 1248 796 αἰδοία
1271 743 1303 794 ut
1320 741 1441 811 Oedipus
1459 739 1599 796 Thebanis
1616 738 1709 810 potius
1730 739 1893 794 invidendas
1914 739 2000 794 fuerit

378 830 503 891 θεσμῶν·
521 829 626 892 ἀμαχος
644 829 696 893 γάρ
714 826 837 890 ἐμπαίζει
855 828 920 890 θεὸς
939 827 1095 892 Ἀφροδίτα.
1166 841 1248 894 quam
1271 826 1398 880 Thebani
1419 824 1539 895 Oedipo,
1563 841 1634 893 quae
1656 824 1731 878 haud
1754 823 1836 878 dubie
1855 823 1999 894 Sophoclis

310 909 410 978 quibus
427 911 517 964 verbis
536 910 712 978 antistropha
729 909 834 975 finitur,
857 912 923 978 post
940 927 1024 979 quam
1042 911 1141 966 chorus
1166 927 1275 978 quoque
1292 911 1429 965 sententia
1444 911 1497 964 fuit
1511 911 1563 976 his,
1582 912 1613 964 ut
1628 909 1734 979 opinor,
1752 908 1844 963 verbis
1863 925 1999 978 expressa,

309 994 402 1064 pergit
1217 1001 1271 1059 πὸς
1288 997 1322 1050 δν
1340 996 1440 1064 ἐζήλου
1459 1000 1584 1050 πολιτῶν
1602 999 1647 1050 καί
1664 997 1759 1062 τύχαις
1778 995 1946 1060 ἐπέβλεπον,

377 1086 430 1134 νῦν
448 1084 473 1134 δ’
490 1084 542 1149 ἠδη
563 1083 611 1146 ’γὼ
631 1082 732 1144 καύτός
750 1086 863 1146 θεσμῶν
1166 1082 1197 1134 ut
1215 1081 1245 1134 εύ
1264 1081 1441 1148 πράσσοντος
1459 1081 1567 1146 ὀλβίσαι
1584 1083 1670 1146 τύχας
1688 1081 1789 1146 ἀνδρός
1811 1077 1880 1132 dixit
1896 1077 1998 1147 fragm.

377 1167 431 1220 έξω
450 1167 569 1233 φέρομαι
586 1166 652 1219 τάδ’
669 1167 745 1232 δρῶν
763 1197 794 1204 -
1167 1171 1223 1218 δῖβ.
1243 1166 1272 1218 et
1284 1171 1338 1229 πᾶς
1356 1183 1419 1218 cum
1435 1165 1557 1233 genitivo
1576 1164 1615 1219 sic
1633 1162 1773 1218 coniunxit
1786 1163 1853 1218 Oed.
1868 1161 1924 1217 001.
1939 1168 1997 1217 δθῖ.

309 1249 412 1304 Versus
435 1251 547 1306 seomidi
564 1251 664 1303 lacum
684 1249 712 1302 in
732 1248 826 1304 codice
843 1251 1030 1306 Laurentiano
1051 1250 1143 1304 verbis
1167 1255 1220 1314 πᾶς
1237 1252 1325 1303 τοῦτό
1337 1255 1367 1315 γ’
1379 1251 1522 1317 Ἑλλήνων
1540 1255 1624 1316 θροεῖ,
1642 1249 1687 1304 vel
1704 1247 1799 1304 addito
1817 1265 1858 1312 τις
1875 1246 1943 1300 ibid.
1956 1253 1997 1302 βό.

311 1336 448 1402 πάρεδρος
474 1339 517 1404 (ὁρ
534 1335 563 1388 in
580 1334 665 1388 litura
682 1333 827 1388 literarum
843 1338 888 1403 ργ)
916 1338 946 1390 ἐν
973 1337 1081 1403 ἀρχαῖς,
1108 1336 1142 1390 de
1167 1339 1221 1399 πεῖς
1237 1335 1290 1402 γάρ
1308 1352 1349 1398 τις
1367 1337 1438 1403 ηὔδα
1455 1336 1542 1388 τοῦτό
1561 1338 1591 1399 γ’
1609 1336 1675 1400 ἡμῖν
1694 1335 1842 1400 ἐμπόρων,
1860 1332 1999 1401 quomodo

311 1419 410 1486 quibus
427 1417 600 1488 ineptissima
618 1419 659 1472 est
672 1418 836 1474 scholiastae
854 1420 1011 1486 annotatio,
1033 1420 1144 1490 expleta
1167 1418 1251 1472 etiam
1272 1419 1457 1488 posteriorum
1479 1422 1638 1488 temporum
1655 1418 1804 1488 scriptores
1826 1417 1911 1472 locuti
1927 1421 2000 1483 sant,

311 1505 428 1558 estnon
452 1503 556 1558 minore
584 1521 646 1557 cum
668 1503 750 1557 metri
777 1520 861 1570 quam
882 1505 1035 1560 sententiae
1058 1504 1142 1559 detri-
1167 1501 1219 1556 etsi
1236 1504 1312 1573 apud
1323 1504 1374 1556 hos
1386 1503 1557 1572 frequentius
1575 1506 1618 1558 est
1630 1506 1773 1568 ὁστισοῦν,
1792 1503 1836 1556 vel
1854 1502 2000 1556 coniuncto
2024 1531 2026 1538 ·

310 1590 411 1642 mento.
447 1589 519 1642 Nam
541 1605 574 1642 ex
597 1587 687 1642 verbis
709 1588 888 1657 sequentibus
907 1591 1010 1653 καύτός
1031 1594 1143 1654 θεσμῶν
1167 1589 1285 1654 utroque
1308 1594 1362 1653 πῦς
1380 1591 1526 1651 ὁστισοῦν,
1550 1588 1626 1644 velut
1642 1588 1717 1657 apud
1734 1587 1883 1642 Eusebium
1899 1587 1999 1656 Praep.

310 1675 363 1729 ἐξω
383 1675 501 1741 φέρομαι
519 1674 580 1727 luca
599 1673 699 1727 clarius
717 1677 758 1726 est
770 1673 951 1742 praecessisse
966 1673 1143 1742 participium
1167 1672 1273 1742 Evang.
1292 1678 1378 1742 lbkp.
1390 1679 1439 1727 841
1452 1673 1483 1727 B.
1503 1676 1532 1727 et
1547 1673 1625 1728 Dem.
1639 1673 1743 1742 Evaug.
1758 1679 1781 1727 ὁ.
1800 1691 1827 1741 p.
1843 1677 1892 1726 215
1905 1670 1933 1726 C.
1959 1677 1999 1725 10.

310 1757 423 1830 aliquod
435 1775 497 1811 cum
510 1758 643 1813 adverbio
656 1761 709 1814 ἐξω
721 1758 765 1811 vel
778 1759 859 1823 ἐκτός
872 1757 1054 1828 coniunctum,
1068 1757 1143 1812 velut
1166 1757 1287 1826 pesth.
1301 1763 1355 1822 πᾶς
1367 1761 1499 1814 ὁστισοῦν
1511 1761 1712 1826 ὁμολογήσειεν
1731 1759 1775 1824 ἀν,
1794 1759 1823 1810 et
1839 1755 1936 1810 addito
1953 1773 1999 1826 ge-

309 1844 390 1906 ἐκτδς
413 1843 549 1907 ἀλαίνων,
574 1842 618 1896 cui
636 1859 688 1911 ego
711 1845 791 1906 ἐκτός
809 1845 915 1908 ὁμιλῶν
933 1841 1065 1912 praetuli,
1087 1860 1143 1898 non
1167 1841 1253 1896 nitivo
1265 1841 1303 1895 ib.
1316 1847 1340 1896 8.
1353 1861 1379 1912 p.
1396 1843 1480 1897 391Β.
1501 1845 1589 1898 πάνθ’
1601 1845 1731 1896 ὁντινοῦν
1744 1847 1804 1896 τῶν
1823 1844 1862 1906 ὡς
1873 1847 1941 1896 θεοῦ
1953 1843 2000 1908 δή·
2058 1901 2061 1908 ,

311 1925 399 1980 solum
417 1927 483 1994 quia
499 1928 553 1982 hac
568 1927 632 1996 ipsa
648 1927 786 1981 locutione
804 1926 955 1997 Sophocles
974 1945 1038 1981 usus
1056 1929 1097 1982 est
1114 1927 1143 1981 in
1168 1944 1250 1993 μασιν
1261 1929 1357 1992 αὐτοῖς
1370 1930 1571 1995 προσεχόντων
1583 1928 1770 1994 ὁμολογήσειν
1782 1927 1911 1992 ἡγοῦμαι.
1930 1925 2000 1979 llinc

310 2011 394 2066 Aiace
413 2030 436 2066 ν.
451 2017 522 2079 640,
539 2012 623 2080 idque
642 2013 739 2066 eodem
755 2011 784 2065 in
801 2013 903 2079 metro,
1167 2010 1298 2080 suspicari
1320 2011 1385 2066 licet
1402 2011 1519 2082 simplici
1538 2028 1592 2080 quo
1610 2010 1760 2080 Sophocles
1781 2027 1845 2064 usus
1868 2011 1929 2064 erat
1947 2017 2000 2075 πῦς

377 2099 474 2152 ούκέτι
492 2100 662 2165 συντρόφοις
1167 2095 1304 2165 glossema
1321 2099 1454 2152 ὁστισοῦν
1471 2096 1688 2166 superscriptum
1705 2095 1799 2162 trisse,
1825 2095 1900 2163 quod
1917 2112 2000 2163 quum

376 2185 472 2250 όργαῖς
490 2185 622 2248 ἔμπεδος,
641 2184 707 2236 ἀλλ’
725 2183 805 2246 ἐκτός
822 2185 925 2248 ὁμιλεῖ,
1166 2181 1256 2235 textui
1272 2180 1381 2236 illatum
1402 2185 1486 2248 esset,
1514 2181 1617 2236 violato
1640 2181 1729 2235 metro
1759 2183 1787 2234 et
1809 2180 1920 2236 sublata
1941 2197 2000 2236 uer·

311 2268 359 2322 sed
371 2267 455 2321 etiam
467 2269 617 2336 propterea
629 2266 704 2336 quod
716 2267 831 2320 verbum
848 2270 954 2334 ὁμιλῶν
972 2266 1143 2336 aptissinurm
1167 2268 1266 2321 borum
1289 2268 1435 2332 structura,
1970 2325 1972 2328 ,

311 2352 374 2406 huic
391 2351 452 2406 loco
471 2353 515 2404 est
532 2350 579 2404 ubi
597 2349 630 2404 de
649 2351 807 2405 amantibus
825 2352 927 2421 agitur.
964 2352 1006 2406 Ad
1023 2355 1143 2407 metrum
1218 2355 1350 2408 ὁστισοῦν
1363 2353 1463 2418 ἐζήλου
1475 2356 1601 2407 πολιτῶν
1615 2355 1659 2405 καί
1672 2354 1768 2417 τύχαις
1780 2352 1945 2416 ἐπέβλεπον,

311 2439 403 2491 autem
422 2437 497 2504 quod
515 2435 623 2502 attinet,
640 2434 732 2489 verbis
749 2434 776 2490 in
794 2438 909 2506 stropha
925 2437 1023 2506 positis
1041 2457 1066 2492 v.
1086 2443 1143 2494 189.
1166 2438 1350 2515 interpolator
1378 2436 1487 2504 utrique
1510 2435 1576 2490 vitio
1598 2435 1737 2490 medelam
1764 2435 1864 2490 afferre
1887 2439 2001 2492 conatus

310 2520 579 2589 pessumeuntem
597 2520 771 2589 antistropha
787 2523 861 2576 recte
877 2523 1044 2591 respondere
1062 2526 1144 2592 πάρε-
1167 2523 1254 2577 verba
1275 2523 1313 2576 sic
1331 2520 1455 2592 corrupit
1475 2523 1507 2574 ut
1529 2538 1600 2575 nuno
1619 2520 1648 2574 in
1667 2519 1760 2600 codice
1777 2522 1903 2576 fenmtur
1924 2525 2000 2586 ὅστις

311 2610 375 2674 δρας
397 2608 427 2660 ἐν
450 2608 558 2673 ἀρχαῖς,
588 2604 678 2659 soluta
706 2605 761 2659 arsi
784 2605 983 2674 choriambica,
1012 2607 1145 2663 credebat
1168 2610 1202 2662 ού
1214 2610 1289 2676 ζήλιμ
1309 2611 1434 2661 πολιτῶν
1452 2609 1497 2660 καί
1509 2608 1603 2673 τύχαις
1622 2607 1791 2670 ἐπιβλέπων.
1827 2606 1871 2660 Ad
1889 2609 2001 2674 ἐπέβλε-

311 2691 481 2757 h'rfurdtius,
505 2688 580 2744 cuius
601 2689 811 2745 annotationem
834 2691 899 2744 ante
918 2691 1064 2760 sexaginta
1085 2693 1143 2748 fere
1169 2709 1224 2747 πον
1247 2693 1282 2746 ab
1305 2708 1349 2746 me
1370 2690 1529 2746 restibitum
1551 2691 1625 2758 quod
1648 2691 1763 2757 attinet,
1792 2694 1919 2760 poteram
1940 2693 2002 2762 pari

311 2791 397 2830 annos
419 2774 551 2845 scriptam
573 2776 602 2828 et
618 2773 728 2828 illorum
745 2777 903 2844 temporum
923 2775 1056 2830 infantiae
1080 2795 1142 2831 con·
1168 2777 1227 2832 iure
1245 2778 1399 2841 ἐπέβλεπεν
1417 2775 1544 2841 scribere,
1563 2775 1612 2829 sed
1628 2775 1764 2845 pluralem
1783 2793 1935 2843 numerum,
1954 2777 2002 2845 qui

283 2855 286 2868 ’
311 2859 468 2916 donandam
485 2859 541 2913 iam
554 2860 726 2913 Hermannus
743 2858 773 2912 in
791 2858 910 2914 editione
928 2860 1012 2915 tertia
1029 2869 1141 2918 a.1830.
1169 2878 1252 2932 saepe
1264 2863 1328 2930 post
1340 2866 1402 2928 πῶς,
1421 2860 1496 2928 quod
1513 2859 1685 2914 collectivum
1704 2863 1756 2927 est,
1774 2861 1899 2928 sequitur
1916 2862 2001 2928 (relat

311 2965 336 3015 p.
358 2951 413 2999 192.
438 2943 568 3014 explosit:
592 2960 646 3010 quo
665 2947 820 2999 commento
841 2943 952 2998 interim
969 2945 1017 3000 alii
1035 2964 1143 3015 quoque
1171 2947 1286 3000 Philoct.
1305 2953 1361 3002 357.
1386 2948 1524 3012 ὀμνύντες
1541 2947 1606 3014 post
1622 2949 1743 3014 στρατός
1767 2952 1819 3011 πᾶς
1838 2948 1999 3015 ἠσπάζετο),

311 3030 351 3085 usi
374 3032 454 3084 erant
474 3030 504 3082 in
525 3045 607 3083 versu
630 3028 727 3083 leviter
749 3031 879 3098 corrupto
896 3045 920 3083 v.
939 3037 996 3085 θῖθ.
1021 3031 1143 3100 (dequo
1169 3031 1288 3100 praetuh
1310 3047 1364 3084 non
1382 3032 1440 3086 tam
1457 3037 1573 3099 propter
1590 3047 1700 3084 versum
1717 3030 1874 3100 proximum
1896 3031 2002 3101 pariter

312 3115 367 3168 dixi
389 3115 417 3168 in
440 3113 560 3169 editione
582 3112 743 3180 Oxoniensi)
770 3113 899 3182 opinione
920 3116 1093 3183 perabsurda
1114 3117 1142 3172 iu
1168 3115 1431 3174 insanissimam
1444 3117 1632 3183 (ἐξελήλυθεν)
1651 3115 1734 3183 qu'am
1752 3115 1826 3184 quod
1844 3119 2001 3182 ἐπέβλεπον

312 3201 363 3254 hac
386 3199 542 3268 Antigonae
561 3197 668 3266 fabula,
692 3197 870 3268 superstitum
888 3197 1091 3268 antiquissima,
1113 3202 1143 3255 in
1168 3204 1274 3258 facilius
1287 3202 1371 3257 etiam
1384 3217 1466 3269 quam
1483 3203 1637 3266 ἐπέβλεπεν
1649 3199 1678 3253 in
1691 3202 1852 3266 ἐπιβλέπων
1865 3201 2000 3270 αοιαιιαιρί

312 3301 368 3354 qua
378 3285 464 3353 poeta
475 3282 616 3338 severitati
625 3299 803 3337 numerorum
815 3283 919 3337 studuit
931 3286 1142 3355 propedeschy-
1168 3289 1266 3360 potuit.
1901 3291 1905 3299 “

313 3370 379 3423 leae.
405 3367 446 3422 De
465 3367 570 3436 origine
589 3367 742 3437 scripturae
759 3367 944 3436 mterpolatae
963 3370 1099 3438 πάρεδρος
1112 3373 1142 3425 ἐν
1235 3375 1266 3426 ln
1284 3372 1390 3442 Oedipo
1409 3371 1528 3425 Coloneo
1546 3369 1678 3424 nonnulla
1694 3369 1735 3424 ita
1753 3372 1817 3424 sunt
1833 3369 2002 3441 interpolata

312 3455 407 3521 ἀρχαῖς
420 3451 604 3507 coniecturam
617 3453 759 3523 protuliin
771 3451 892 3507 editione
902 3453 1048 3508 Oxoniensi
1059 3455 1144 3509 tertia
1169 3461 1201 3513 ut
1223 3457 1340 3512 difficilis
1362 3457 1397 3510 sit
1420 3453 1589 3510 emendatio:
1617 3453 1673 3508 alia
1693 3454 1776 3524 plura
1797 3455 1878 3510 facile
1902 3455 2001 3524 corrigi

312 3557 338 3608 p.
352 3544 394 3593 θθ.
414 3553 483 3605 quae
502 3555 568 3593 vera
586 3555 621 3592 an
639 3537 710 3592 falsa
727 3538 763 3592 sit
779 3536 847 3590 nihil
865 3539 962 3601 refert,
985 3555 1069 3606 quum
1088 3557 1139 3593 oer-
1168 3545 1293 3613 possunt,
1311 3542 1387 3596 velut
1403 3559 1428 3595 ν.
1448 3547 1505 3594 281.
1525 3539 1572 3593 ubi
1590 3557 1674 3608 quum
1692 3539 1842 3609 Sophocles
1860 3540 1895 3594 de
1912 3555 2002 3610 poena

312 3623 447 3678 tissimum
460 3622 497 3676 sit
513 3639 568 3676 non
585 3639 644 3676 esse
661 3623 747 3678 verba
762 3623 811 3677 illa
827 3623 930 3693 scripta
950 3623 985 3676 ab
999 3621 1142 3692 Sophocle.
1169 3627 1299 3683 maleficis
1315 3624 1476 3680 imminente
1495 3625 1618 3692 dixisset,

380 3709 411 3760 ln
429 3707 535 3777 Oedipo
547 3709 624 3776 Rege
642 3709 824 3778 complurium
841 3710 965 3765 locorum
982 3712 1042 3764 tarn
1058 3710 1143 3765 mani·
1691 3713 1804 3777 ἡγεῖσθε
1822 3714 1852 3766 δέ

313 3795 385 3848 festa
402 3794 444 3846 est
460 3792 639 3862 interpolatio
657 3794 689 3846 ut
700 3793 837 3848 neminem
849 3795 944 3850 fallere
956 3795 1052 3864 possit,
1069 3796 1145 3849 velut
1204 3800 1316 3866 βλέπειν
1331 3799 1381 3864 μέν
1394 3797 1498 3859 αὐτοὺς
1512 3795 1599 3864 (deos)
1617 3797 1688 3862 πρός
1699 3797 1751 3850 τόν
1768 3797 1870 3868 εῦσεβή
1883 3801 2000 3864 βροτῶν,

311 3895 336 3931 τ.
348 3883 405 3933 943.
417 3877 464 3931 ubi
473 3895 556 3945 quum
567 3877 717 3946 Sophocles
727 3879 803 3932 haud
813 3879 895 3934 dubie
906 3879 1061 3949 scripsisset
1071 3880 1145 3948 quod
1205 3887 1317 3950 βλέπειν
1335 3884 1365 3935 δέ
1383 3883 1452 3948 πρός
1469 3883 1537 3944 τοὺς
1554 3883 1710 3948 δυσσεβεῖς,
1729 3884 1824 3947 φυγήν
1842 3884 1872 3936 δέ
1890 3901 1941 3936 του

312 3963 414 4033 partim
436 3963 472 4017 ab
490 3962 614 4016 Nauckio
631 3963 734 4032 partim
756 3964 792 4017 ab
811 3981 855 4018 me
878 3968 920 4019 est
936 3955 1095 4019 restitutam
1115 3964 1144 4018 in
1205 3970 1290 4035 μήπω
1307 3967 1438 4033 γενέσθαι
1456 3967 1554 4031 φωτός
1572 3965 1695 4020 ἀνοσίου.
1713 3965 1779 4020 τάδ’
1796 3967 1853 4020 οῦν-

278 4089 279 4093 ,
312 4047 534 4103 Praefationead
545 4046 1145 4119 editionemLipsiensemquartamp.XXVI.
1204 4055 1293 4116 ξυνεὶς
1310 4055 1344 4106 σὺ
1363 4037 1401 4117 μή
1418 4052 1543 4104 κάλυπτε
1560 4051 1610 4114 τάς
1629 4050 1793 4116 εὐδαίμονας

380 4137 426 4188 10.
446 4138 507 4197 πῶς
526 4135 621 4197 είπας;
640 4135 658 4199 ἦ
677 4134 813 4200 τέθνηκεν
832 4134 949 4188 Οίδίπου
968 4138 1075 4203 πατήρς
1205 4139 1294 4204 ἔργοις
1314 4137 1432 4203 Ἀθήνας
1449 4135 1571 4198 ἀνοσίαις
1589 4137 1756 4203 ύπηρετῶν,

381 4223 434 4274 ΑΓ.
448 4219 597 4286 τέθνηκεν·
617 4217 641 4272 εἰ
660 4219 690 4271 δέ
708 4220 759 4283 μή,
778 4219 864 4284 αάτδς
882 4220 949 4274 ἀξιῶ
967 4225 1071 4286 θανεῖν,
1170 4223 1295 4276 ΞΥΝΕΙΣ
1320 4222 1413 4276 παίσαι
1434 4219 1462 4272 in
1480 4220 1612 4274 ΞΥΝΟΙΣ
1631 4220 1694 4286 (ξύν
1712 4220 1767 4286 οἷς)
1787 4223 1946 4290 corruptum
1963 4239 2001 4276 es·

314 4303 399 4357 verba
420 4303 514 4357 autem
537 4305 639 4372 poetae
656 4302 788 4356 nonnulla
810 4301 959 4357 obliterata
976 4307 1082 4371 essent,
1105 4304 1144 4358 in-
1156 4307 1159 4375 Ι
1170 4307 1224 4371 set,
1246 4321 1334 4373 eoque
1351 4304 1428 4359 illato
1442 4306 1506 4358 rdb'
1523 4305 1575 4357 οῦν
1591 4303 1682 4358 locum
1704 4320 1760 4357 nou
1776 4304 1906 4372 haberet,
1925 4305 2000 4360 retus

314 4389 469 4458 terpolator
487 4386 586 4456 aliquis
603 4386 706 4456 partim
729 4405 763 4440 ex
779 4386 902 4455 reliquiis
919 4387 1022 4457 partini
1046 4405 1078 4442 ex
1096 4407 1145 4444 suu
1157 4378 1159 4481 J
1171 4391 1322 4455 corrector,
1343 4389 1438 4443 similis
1462 4379 1487 4443 ei
1510 4388 1556 4456 qui
1579 4389 1651 4442 Ionis
1673 4388 1811 4458 Euripidis
1831 4407 1926 4444 versus
1946 4393 2002 4444 tres

314 4473 399 4542 ipsius
417 4475 509 4528 mente
528 4473 582 4526 duo
601 4471 756 4541 composuit
773 4490 867 4526 versus
885 4473 1052 4527 miserrimos
1171 4474 1274 4543 primos
1292 4474 1483 4543 interpolavit,
1501 4473 1535 4528 de
1554 4473 1652 4542 quibus
1669 4491 1753 4542 supra
1770 4473 1905 4541 dicebam,
1923 4473 2001 4528 eiecit

364 4564 424 4623 πῶς
444 4561 538 4622 είπαςς
559 4561 575 4625 ἠ
594 4559 712 4624 τέθνηκε
729 4557 872 4622 Πόλυβος;
892 4563 945 4611 ΑΓ.
964 4558 988 4612 εί
1005 4559 1035 4612 δέ
1053 4561 1089 4624 μή
1172 4561 1236 4613 τάδ’
1248 4561 1299 4613 οῦν
1317 4562 1346 4613 et
1363 4558 1430 4613 duas
1449 4575 1517 4626 quas
1535 4556 1696 4628 perdiderat
1713 4558 1834 4628 syllabas
1851 4558 1942 4615 mutili
1959 4577 2001 4614 ex-

365 4645 439 4708 λέγω
457 4647 483 4708 γ’
500 4645 556 4706 ἐγῶ
574 4643 704 4710 τάληθές,
723 4643 790 4697 ἀξιῶ
808 4647 911 4696 θανεῖν.
1171 4644 1258 4713 plevit
1273 4644 1421 4708 vocabulo,
1440 4659 1472 4696 ex
1489 4642 1581 4696 verbis
1597 4642 1828 4711 praecedentibus
1844 4645 1970 4714 repetito,

314 4727 447 4782 Incendor
459 4727 575 4782 aliorum
586 4726 710 4781 locorum
722 4727 914 4780 nonnullorum
927 4726 1083 4781 emendatio
1096 4730 1146 4794 est,
1274 4731 1358 4796 μήπω
1376 4730 1505 4793 γενέσθαι
1523 4729 1622 4795 φωτός
1640 4728 1755 4783 ἀνοσίου
1774 4733 1896 4797 βροτῶν·

315 4813 390 4866 velut
407 4831 431 4866 v.
451 4819 638 4867 1090·1101.:
656 4811 739 4865 latiut
755 4829 820 4866 vero
839 4809 929 4866 adhuc
945 4811 1022 4865 fucus
1039 4811 1146 4866 lectori-
1273 4816 1322 4870 ξύν
1340 4813 1382 4876 οίς
1400 4815 1435 4868 σύ
1454 4816 1491 4880 μὴ
1510 4813 1634 4868 κάλυπτε
1652 4843 1684 4852 -

315 4898 366 4951 bns
384 4897 419 4951 ab
442 4898 536 4950 vetere
554 4898 710 4950 correctore
727 4897 816 4950 factus
836 4894 865 4948 in
887 4894 1007 4965 egregiis
1023 4896 1147 4950 versibus
1170 4898 1297 4967 ineptum
1322 4897 1391 4950 illud
1416 4899 1465 4952 ξύν
1487 4897 1529 4960 αίς
1555 4897 1654 4950 bituris
1680 4900 1782 4967 poetae
1806 4897 2001 4969 interpretibus

315 4981 413 5049 quibus
430 4981 499 5035 haec
515 4981 662 5052 tragoedia
678 4979 779 5047 finitur,
1172 4982 1364 5052 explicandum
1381 4981 1546 5049 relinquens.
1577 4981 1636 5046 Quo
1653 4981 1722 5036 vitio
1739 4999 1812 5038 nunc
1829 4985 1865 5038 ab
1883 5001 1927 5038 ms
1946 4999 2001 5038 cor·

348 5069 371 5119 ῶ
391 5067 497 5133 πάτρας
515 5067 608 5134 Θήβης
626 5069 740 5134 ἔνοικοι,
759 5068 892 5121 λεύσσετ’
910 5066 1043 5130 Οἰδίπους
1061 5069 1125 5132 ὅδε,
1172 5069 1248 5121 recto
1266 5069 1295 5122 et
1311 5068 1376 5120 τάδ’
1388 5067 1441 5121 οῦν
1457 5067 1586 5120 revocato
1604 5083 1675 5122 nova
1691 5067 1722 5120 in
1733 5074 1810 5122 sexto
1822 5068 1894 5138 pede
1911 5068 2000 5122 trime-

348 5153 380 5216 δς
397 5153 432 5205 τά
450 5152 541 5205 κλείν’
552 5152 695 5216 αἰνίγματ’
706 5153 766 5220 ήδει
784 5153 829 5204 καί
848 5151 992 5216 κράτιστος
1011 5151 1047 5216 ἠν
1065 5151 1145 5218 ἀνήρ,
1171 5152 1209 5206 tri
1226 5151 1323 5221 incipit
1339 5151 1488 5217 sententia,
1507 5153 1539 5205 ut
1550 5150 1610 5205 aliis
1622 5149 1650 5204 in
1662 5151 1729 5206 locis
1740 5169 1794 5207 non
1807 5154 1912 5223 paucis,
1930 5152 2001 5232 vehit

348 5239 425 5300 ὅστις
442 5237 476 5289 ού
494 5237 569 5303 ζήλῳ
589 5241 715 5290 πολιτῶν
733 5239 778 5289 καί
797 5237 892 5302 τύχαις
910 5236 1070 5301 ἐπιβλέπων
1170 5239 1206 5291 τά
1224 5238 1254 5290 δέ
1272 5235 1339 5290 Oed.
1358 5237 1390 5289 a.
1411 5243 1484 5291 ῖῦόῦ.
1508 5235 1574 5290 Oed.
1593 5235 1649 5290 Col.
1669 5243 1726 5292 290.
1744 5243 1801 5292 δῖῖ.
1826 5237 1925 5292 Trach.
1943 5241 1998 5292 383.

349 5322 388 5386 είς
406 5325 475 5374 ὅσον
493 5322 623 5374 κλύδωνα
641 5323 732 5388 δεινῆς
751 5324 892 5387 ξυμφορᾶς
910 5321 1046 5387 ἐλήλυθεν
1063 5351 1103 5374 -.
1171 5321 1240 5376 Phil.
1253 5327 1311 5376 449.
1334 5323 1369 5376 τό
1392 5323 1422 5376 δέ
1444 5322 1508 5375 Ant.
1526 5327 1567 5376 78.
1590 5325 1624 5375 τό
1646 5323 1699 5389 γάρ
1721 5321 1784 5376 Ant.
1798 5328 1838 5377 68.
1852 5329 1910 5378 θθβ.
1934 5321 1998 5376 Oed.

316 5405 363 5459 ubi
384 5421 476 5458 versus
497 5404 596 5459 tertius
622 5421 678 5459 non
698 5406 786 5460 solum
808 5407 976 5461 structuram
998 5405 1146 5460 verborum
1171 5402 1553 5462 meermannianam.
1577 5406 1646 5461 Phil.
1665 5413 1722 5460 674.
1745 5409 1782 5462 τά
1802 5407 1856 5474 γάρ
1879 5407 1944 5462 Oed.
1965 5406 1998 5459 R.

315 5490 444 5560 impedit,
471 5491 519 5544 sed
546 5490 630 5544 etiam
653 5490 816 5544 sentehtiam
839 5493 889 5544 aut
909 5488 1014 5544 nullam
1040 5492 1088 5544 aut
1107 5490 1146 5542 in-
1175 5492 1519 5558 circumfinitam.

316 5577 410 5644 eptam
427 5575 557 5644 praebet,
580 5575 658 5643 quasi
679 5575 796 5644 cogitari
817 5574 905 5645 possit
922 5573 1059 5643 Oedipum
1077 5574 1145 5628 'Phe-
1238 5575 1300 5629 Non
1321 5575 1410 5630 minus
1431 5575 1518 5630 facilis
1542 5575 1611 5630 alius
1628 5575 1656 5628 in
1675 5575 1780 5646 Oedipo
1799 5575 1919 5630 Cotoneo
1939 5574 1999 5640 loci,

316 5659 396 5715 banis
407 5658 546 5724 invidisse,
560 5674 677 5727 quorum
689 5658 838 5728 sospitator
850 5660 995 5714 exstiterat
1007 5660 1043 5726 et,
1055 5659 1145 5715 soluto
1170 5660 1320 5714 multorum
1338 5660 1501 5715 coniecturis
1518 5661 1639 5726 tentato,
1658 5660 1815 5716 emendatio
1832 5661 1876 5714 est
1892 5679 1917 5715 ν.
1930 5666 1981 5714 111.
