4272 6596
238 1171 938 1272 ΑΡἸΣΤΟΦΑΝΟΤΣ
1008 1163 1774 1270 ΑΠΟΣΠΑΣΜΑΤΙΝ·

869 1497 1138 1512 man-—

196 1753 387 1824 Aristophanis
397 1756 597 1808 comoediarum
606 1755 733 1820 indicem,
744 1755 853 1821 qualem
863 1754 991 1820 Aeschyli
1019 1755 1058 1803 18.
1076 1749 1251 1805 Αἰολοσίκων
1269 1751 1407 1818 δεύτερος.
1445 1755 1485 1804 32.
1505 1751 1633 1813 Ναυαγδς
1651 1754 1710 1803 sive
1721 1752 1772 1812 Δὶς
1784 1765 1848 1802 ναυ-

165 1832 316 1884 drsmatum
330 1834 366 1884 ab
378 1837 474 1883 vetere
487 1833 664 1898 grammatico
677 1834 857 1899 compositum
871 1833 992 1882 servavit
1019 1833 1057 1880 19.
1077 1828 1217 1890 Κώκαλος.
1545 1827 1621 1890 αγός.

162 1908 395 1960 eodexbiediceus
406 1907 622 1973 (inScboliorum
636 1909 757 1960 editione
771 1925 831 1960 mea
841 1908 991 1960 Oxoniensi
1141 1933 1293 1942 —-
1444 1909 1484 1957 33.
1504 1902 1627 1966 Νεφέλαι
1644 1903 1780 1968 δεύτεραι.

161 1987 222 2050 μθ.
234 1983 286 2049 10.)
306 1985 410 2036 nullum
428 1985 571 2038 habemus:
591 1986 639 2037 sed
653 1986 685 2036 de
704 2001 816 2036 numero
835 1983 989 2036 fabularum
1017 1985 1056 2032 20.
1076 1981 1235 2048 Ἀνάγυρος.
1445 1984 1484 2032 34.
1503 1978 1598 2042 Νῆσοι.

160 2061 213 2111 tria
241 2069 388 2127 supersunt
415 2063 574 2112 testimonia
602 2063 846 2127 grammaticorum.
890 2062 991 2112 Eorum
1017 2060 1056 2108 21.
1077 2056 1204 2123 Γεωργοί.
1445 2058 1485 2108 35.
1504 2053 1644 2116 Ὁλκάδες.

162 2151 244 2186 unum
265 2137 365 2188 Suidse
389 2144 445 2200 est,
474 2137 520 2203 qni
542 2153 593 2204 φιιο
618 2137 676 2188 ioco
700 2137 733 2188 de
752 2139 809 2188 vite
833 2141 862 2187 et
880 2135 990 2201 scriptis
1017 2135 1057 2182 22.
1077 2133 1170 2197 Γῆρας.
1445 2135 1485 2184 36.
1503 2127 1654 2194 Πελαργοί.

162 2213 356 2278 Aristophanis
365 2215 434 2279 agit,
448 2211 574 2278 δράματα
586 2213 616 2265 δέ
628 2212 726 2278 αὐτοῦ,
736 2215 835 2278 inquit,
849 2205 903 2276 μδ’·
917 2209 991 2275 ἅπερ
1017 2211 1056 2259 23.
1076 2209 1093 2260 Γ
1094 2207 1241 2274 ηρυτάδης.
1443 2212 1484 2262 st.
1502 2205 1626 2271 Ποίησις.

159 2285 190 2339 δὲ
212 2286 396 2352 πεπράχαμεν
421 2288 639 2354 Ἀριστοφάνους
665 2289 804 2355 δράματα,
831 2289 934 2350 ταῦτα,
960 2294 990 2338 et
1017 2289 1057 2335 24.
1075 2282 1222 2346 Δαίδαλος.
1444 2287 1484 2337 38.
1503 2281 1651 2344 Πολύϊδος.

161 2367 218 2414 tum
237 2363 346 2414 fabulas
364 2365 490 2416 undecim
508 2367 673 2432 superstites
686 2371 828 2417 enumerat
840 2364 989 2416 secundum
1017 2363 1057 2411 25.
1075 2360 1224 2423 Δαναΐδες.
1444 2364 1484 2412 39.
1503 2357 1612 2424 Σκηνὰς
1622 2356 1847 2422 καταλαμβάνου·

157 2436 301 2489 literarum
319 2439 453 2491 ordinem:
481 2441 587 2507 reliqna
606 2442 659 2492 duo
676 2444 915 2509 grammaticorum
927 2445 991 2491 suut
1016 2437 1055 2487 26.
1072 2434 1238 2501 Δράματαῆ
1254 2433 1417 2500 Κένταυρος.
1547 2449 1601 2490 σαι.

158 2516 187 2564 in
206 2516 344 2582 excerptis
367 2517 400 2567 de
419 2519 479 2570 vita
497 2518 701 2583 Aristophanis.
729 2534 799 2584 quae
819 2517 990 2569 Scholiorum
1016 2515 1056 2562 27.
1075 2510 1246 2576 Δράματαῆ
1267 2507 1371 2573 Νίοβος.
1444 2517 1485 2564 40.
1504 2507 1683 2576 Ταγηνισταί.

159 2589 275 2642 editioni
294 2593 446 2644 Oxouisnsi
464 2595 601 2660 praemisi.
638 2597 757 2658 Quorum
777 2596 906 2646 atterite
923 2596 989 2644 scri-
1016 2591 1055 2640 28.
1075 2586 1177 2654 Εἰρήνη
1196 2584 1319 2650 δευτέρα.
1443 2593 1484 2640 41.
1502 2588 1659 2652 Τελμησῆς.

158 2661 1190 2736 ααομωωψωωωωαφαυᾙω
1443 2661 1654 2728 mmmm

157 2741 297 2805 τιλέγεται
315 2743 437 2810 τέσσαρα
455 2745 494 2807 ὡς
506 2745 559 2798 οὐκ
571 2743 641 2798 άντα
653 2745 750 2798 αὐτοῦ.
776 2747 835 2799 ἔστι
847 2747 877 2800 δέ
889 2747 988 2806 ταῦτα,
1015 2744 1055 2791 30.
1074 2737 1416 2803 Θεσμοφοριαζουσαιδεὺ-
1443 2742 1484 2791 43.
1503 2737 1656 2790 Φοίνισσαι.

157 2817 289 2885 Ποίησις,
316 2821 458 2886 Ναυαγδς,
483 2821 584 2888 Νήσοι,
608 2822 719 2888 Νῑοβος,
743 2821 760 2874 ἃ
782 2821 856 2884 τινὲς
879 2821 989 2885 ἔφασαν
1113 2824 1199 2880 tepus.
1444 2816 1484 2864 44.
1502 2813 1589 2879 Ὧραι.

160 2894 233 2946 εἶναι
251 2899 302 2947 τοῦ
321 2894 485 2962 Ἀρχίππου.
515 2900 556 2950 Ab
574 2899 626 2950 boc
645 2900 776 2950 dissentit
793 2899 865 2950 alins
883 2897 948 2949 ibid.
962 2913 988 2962 p.
1015 2896 1055 2943 31.
1074 2891 1199 2957 Λήμνιαι.

160 2973 201 3034 25,
220 2974 245 3022 2,
268 2970 366 3023 ἔπειτα
392 2971 444 3038 υἱῷ
468 2971 558 3025 ἐδίδου
580 2976 615 3027 τά
633 2974 758 3041 δράματα
776 2974 846 3026 ὄντα
863 2973 916 3032 τὸν
934 2972 989 3038 dpu—
1048 2978 1161 3042 Digessi
1184 2978 1257 3026 bunc
1279 2975 1396 3026 iudicem
1421 2977 1462 3025 ita
1484 2982 1514 3027 ut
1534 2978 1619 3041 primo
1638 2977 1697 3025 ioco
1717 2989 1847 3038 ponerem

158 3045 230 3109 θμὸν
254 3039 304 3111 νδ’,
335 3047 376 3099 ὡν
399 3049 469 3101 νόθα
491 3043 523 3114 δ’,
543 3067 635 3102 verum
653 3067 706 3102 non
725 3067 789 3114 sna,
817 3049 864 3100 sed
883 3051 987 3100 librarii
1015 3069 1127 3118 querum
1152 3052 1306 3103 fabularum
1329 3057 1453 3117 tempora
1475 3053 1639 3104 indubitatis
1662 3057 1785 3110 veterum
1807 3058 1847 3101 te-

158 3124 254 3189 cuipa,
275 3126 321 3190 qui
339 3121 380 3175 νδ’
399 3143 447 3192 pro
465 3120 507 3188 ub'
526 3129 649 3194 scripsit,
670 3127 895 3194 quemadmodum
913 3127 986 3192 apud
1014 3129 1151 3180 stimoniis
1170 3133 1308 3192 comperta
1326 3127 1468 3193 babemus,
1492 3135 1549 3180 tum
1569 3143 1754 3180 enumerarem
1773 3131 1845 3177 cete-

159 3199 275 3254 Suidam
304 3201 367 3252 olirn
397 3195 437 3252 νδ’
472 3204 630 3268 legebatur,
666 3205 710 3254 cui
738 3219 811 3254 nune
841 3195 882 3266 μδ’
912 3220 926 3254 e
956 3202 987 3251 li·
1014 3220 1078 3269 ras„
1095 3220 1167 3268 quse
1191 3205 1290 3267 quibus
1310 3204 1391 3253 annis
1410 3206 1569 3256 commissae
1590 3205 1691 3254 suerint
1709 3201 1752 3253 vei
1772 3217 1845 3266 pror·

157 3275 215 3324 bris
239 3276 351 3340 optimis
374 3283 451 3330 recte
479 3285 521 3330 est
544 3281 709 3332 restitutum.
750 3281 825 3343 Quas
849 3281 920 3330 enim
942 3277 987 3328 vel
1013 3293 1059 3328 sus
1077 3278 1220 3343 ignoretur
1237 3279 1282 3328 vel
1304 3294 1358 3328 non
1377 3281 1446 3329 satis
1465 3286 1595 3330 accurate
1614 3277 1721 3328 definiri
1740 3283 1844 3342 potest:

158 3352 328 3414 superstites
351 3352 483 3404 habemus
502 3359 599 3420 poetae
619 3355 729 3404 fabulas
747 3354 791 3405 vel
814 3355 937 3420 perditas
954 3369 986 3404 ex
1012 3352 1091 3404 omisi
1112 3369 1176 3404 vero
1204 3369 1273 3419 quas
1296 3354 1340 3404 vel
1364 3355 1537 3418 grammatici
1561 3355 1689 3404 memoris
1709 3352 1780 3418 lapsi
1798 3352 1845 3403 vel

155 3425 269 3489 scriptis
281 3432 404 3476 veterum
424 3431 613 3495 cognorimus,
633 3445 682 3478 eae
701 3435 804 3478 rectum
817 3445 897 3494 quem
909 3431 986 3481 modo
1013 3430 1120 3480 librarii
1146 3430 1325 3495 Aristophani
1351 3431 1508 3481 tribuerunt
1536 3431 1653 3480 aliorum
1681 3430 1845 3479 comicorum

155 3501 314 3552 dicebamus
332 3507 473 3555 numerum
492 3505 645 3557 fabularum
664 3505 846 3571 quadraginta
858 3512 987 3571 quattuor
1013 3505 1132 3567 fabulas,
1151 3506 1185 3556 de
1204 3505 1303 3568 quibus
1320 3505 1377 3554 dixi
1389 3507 1418 3555 iu
1430 3506 1550 3557 editione
1565 3506 1717 3556 Oxoniensi
1729 3521 1753 3569 p.
1762 3506 1845 3554 499-

155 3577 267 3643 explere
289 3581 473 3644 reperiuntur.
515 3585 601 3646 Quam
629 3595 684 3630 rem
712 3580 805 3632 indice
832 3583 985 3634 fabularum
1012 3586 1069 3634 505.
1101 3583 1228 3634 Ceterum
1247 3583 1318 3648 quod
1337 3585 1532 3649 grammaticus
1551 3582 1618 3632 duas
1630 3581 1748 3631 Nubium
1766 3581 1845 3631 fabu-

153 3654 231 3704 infru
248 3655 338 3719 posito
357 3655 498 3708 declarare
517 3658 629 3724 placuit.
1012 3659 1054 3710 lus
1073 3661 1255 3724 computavit,
1279 3659 1346 3710 licet
1368 3675 1450 3710 unam
1473 3663 1581 3709 tuntum
1599 3664 1706 3719 actam,
1729 3657 1844 3707 alteram

419 3735 424 3740 “
1012 3741 1104 3784 erstem
1121 3749 1260 3798 uunquam
1283 3735 1311 3784 in
1330 3749 1440 3786 scenam
1459 3735 1621 3801 productam
1645 3747 1706 3784 esse
1726 3738 1843 3795 constet,

158 3801 196 3868 ,Ῑ·
213 3796 361 3862 Ambit·
586 3805 624 3852 ¹0·
643 3800 779 3865 Ὀβνῑθες·
1012 3813 1123 3861 incaute
1142 3826 1159 3860 a
1178 3810 1341 3874 quibusdam
1365 3817 1408 3861 est
1430 3812 1634 3878 reprehensum.
1670 3811 1738 3860 Nam
1756 3824 1844 3873 gram-

172 3877 195 3926 2·
214 3872 394 3936 Βαβυλώνῑῠῑ.
586 3881 624 3930 ll·
642 3876 825 3942 Λυσιστράτη·
1012 3887 1111 3937 mstico
1134 3885 1174 3936 illi
1197 3885 1266 3934 nibil
1290 3885 1366 3935 aliud
1390 3889 1560 3953 propositum
1579 3887 1632 3936 fuit
1650 3899 1730 3950 quam
1748 3889 1779 3932 ut
1796 3899 1844 3932 nu-

171 3952 194 4002 ³.
213 3949 357 4015 Ἀχαρνής.
585 3957 624 4005 12.
641 3951 917 4018 ΘεσμοφοριάΖουσαι
1011 3977 1113 4012 merum
1131 3965 1303 4027 computaret
1319 3962 1474 4012 tabularum
1492 3978 1560 4027 ques
1573 3959 1770 4026 Aristophanes
1782 3961 1844 4009 seri-

169 4029 193 4077 4·
212 4025 316 4090 Ἱππῆς·
684 4029 825 4094 πρότεραι.
1008 4040 1115 4102 peieret:
1133 4037 1207 4088 unde
1226 4035 1330 4100 ἔγραψε
1349 4038 1429 4097 dixit,
1448 4034 1629 4090 ιιοιιέδίδαξε.
1660 4037 1738 4086 Duas
1752 4041 1843 4084 autem

169 4105 193 4152 b.
213 4099 335 4166 Νεφέλαι
353 4102 494 4168 πρότεραι.
584 4109 622 4158 13.
640 4106 769 4168 Πλοῦτος
788 4105 933 4171 πρότερος.
1009 4115 1128 4165 Nubinm
1141 4115 1279 4165 editiones
1290 4117 1401 4180 scriptas
1414 4118 1447 4166 ab
1460 4114 1643 4179 Aristophane
1652 4113 1743 4162 «fuisse
1756 4112 1844 4177 ipsius

168 4173 362 4241 6·’Πβῦαῖών-
584 4186 622 4234 14.
643 4181 789 4246 Βάτραχοι.
1011 4197 1109 4255 poetae
1128 4192 1287 4241 testimonio
1312 4197 1422 4242 constat
1440 4189 1654 4254 confirmantqne
1671 4187 1844 4254 grammatici

168 4257 192 4304 ⁷·
211 4252 331 4318 ἶφῆκές·
584 4262 623 4309 15.
643 4257 890 4323 Ἐκκλησιάζουσαι
995 4264 1137 4347 ιΝεφέλας
1155 4264 1293 4329 προτέρας
1312 4273 1341 4318 et
1358 4265 1490 4330 δευτέρας
1509 4265 1723 4330 distinguentes:
1744 4265 1777 4315 de
1791 4281 1843 4331 quo

169 4333 193 4380 3=
213 4325 314 4416 Εἰρήνῃ
333 4327 463 4394 προτέρα·
584 4337 622 4386 16.
640 4332 770 4396 Πλοῦτος
788 4335 926 4401 δεύτερος.
995 4343 1085 4403 ¹inira
1104 4343 1210 4392 dicetur
1231 4344 1279 4393 ubi
1299 4343 1333 4394 de
1353 4341 1493 4406 Νεφελῶν
1511 4341 1661 4407 προτέρων
1680 4343 1843 4409 fragmentis

168 4407 192 4455 9·
210 4403 393 4468 Ἀμφῑαρεως-
585 4414 623 4462 17.
643 4407 817 4463 Αῑσλοσίκιυν
835 4412 981 4480 πρότερος.
995 4406 997 4494 i
1010 4433 1131 4484 egemus.

235 4626 456 4693 ·Aristopbanis
475 4629 628 4696 fragmenta
651 4633 815 4699 explicatius
833 4651 912 4699 quem
936 4638 987 4688 hoc
1009 4639 1068 4689 loco
1091 4638 1150 4688 fieri
1175 4644 1286 4704 poterat
1304 4640 1425 4690 tractavi
1454 4641 1484 4690 in
1507 4639 1627 4690 editione
1647 4637 1797 4690 Oxoniensi
1817 4656 1840 4689 ιι.

150 4695 226 4746 1836.
245 4695 296 4744 vol.
315 4697 339 4748 2.
359 4711 383 4761 p.
402 4697 543 4751 tet-706.
569 4715 638 4764 quae
661 4700 822 4767 locupletior
844 4708 873 4752 et
895 4707 1044 4756 correctior
1063 4713 1106 4756 est
1125 4722 1206 4770 quam
1224 4707 1307 4757 editio
1326 4710 1414 4773 prima
1432 4708 1587 4772 Lipsiensis
1605 4722 1630 4760 a.
1650 4709 1740 4760 lete:
1769 4709 1841 4773 quod

149 4762 488 4884 ἓὲῧίοὲιὲὶαόἓῖἒῖἑζοειαοι
515 4768 560 4832 qui
587 4773 684 4833 postea
710 4769 795 4822 muita
823 4775 952 4837 tauquam
974 4790 1045 4825 noua
1070 4774 1243 4841 protulerunt
1271 4791 1341 4840 qnae
1364 4776 1469 4842 pridem
1492 4775 1526 4828 ab
1549 4791 1591 4828 me
1615 4775 1689 4826 dicta
1712 4784 1791 4828 erant
1812 4776 1841 4824 in

432 4851 448 4884 1.

884 5046 1110 5058 —fl-ot*

812 5315 1176 5393 ΔΑΙΤΑΛΗΣ.

183 5511 225 5560 Ad
245 5527 343 5562 nomen
361 5512 441 5565 buius
460 5515 570 5566 fabulae
589 5517 784 5569 declarandum
802 5519 830 5568 hi
843 5522 983 5586 pertinent
996 5521 999 5591 y
1010 5523 1075 5584 λεῑς.
1093 5523 1185 5586 οὕτως
1204 5523 1416 5589 Ἀριστοφάνης.
1451 5527 1603 5591 Etymolog.
1621 5525 1658 5575 M.
1676 5541 1701 5590 p.
1719 5528 1781 5588 251,
1800 5527 1839 5577 10.

147 5587 204 5637 1οοί
222 5591 468 5652 grammaticorum.
506 5593 615 5658 Suidas,
632 5591 831 5657 Δαιταλεῖς;
855 5595 982 5660 δαιτυμό-
1009 5599 1176 5661 Δαιταλεύςε
1197 5599 1212 5651 δ
1231 5598 1390 5664 εὐωχητής·
1409 5599 1460 5665 ἀφ’
1471 5599 1505 5652 οὓ
1518 5601 1606 5666 δρᾶμα
1620 5599 1838 5666 Ἀριστοφάνους

149 5675 196 5724 νες
219 5663 263 5715 καὶ
286 5667 420 5718 θιασῶται
443 5668 487 5718 καὶ
510 5668 667 5734 συμπόται,
691 5671 736 5723 καὶ
754 5667 817 5724 οἷον
835 5671 1171 5737 συνδαιτα-ιάινόμασται
1201 5677 1356 5739 Δαιταλεῑς.
1392 5693 1462 5744 quae
1497 5677 1623 5744 augenda
1653 5683 1718 5728 snut
1747 5679 1839 5729 verbis
