4268 6602
315 1375 1702 1512 urrruluor'ruuflrulr..

824 1799 981 1808 ...οη-...ψ-
985 1801 1085 1810 ...ῃ-

569 2103 634 2176 ΤΑ
663 2103 769 2180 ΤΟΤ
795 2104 1071 2181 ΔΡΑΜΑΤΟΣ
1097 2107 1347 2202 ΠΡΟΣΩΠΑ

349 2307 540 2360 λπολλαιι.
1005 2312 1192 2364 ουνιιιταυ.

348 2393 530 2445 ολυλτοτ.
1004 2397 1191 2448 λιιιιυτοτ.

347 2478 471 2529 κοΡοιι
493 2479 720 2532 προτάττειν
741 2480 911 2532 ουιυιαιν.
1004 2482 1196 2534 uurruuou.

347 2563 568 2616 ουτιττιιιιιι.
955 2526 959 2716 l
1004 2566 1194 2634 ΗΡλκαυυ,

347 2648 548 2700 rixarum.
1005 2651 1139 2702 σύνιτε.

854 2893 1054 2902 ο--ῃ--α-

765 3113 1150 3202 ΤΠΟΘΕΣΙΣ,“

198 3313 221 3380 ί.
266 3316 432 3382 Ἀπόλλων
459 3319 602 3400 ᾐτήσατο
629 3320 717 3398 παρὰ
743 3325 808 3386 τῶν
831 3323 963 3400 Μοιρῶν
991 3319 1082 3398 ὅπως
1110 3320 1129 3384 δ
1152 3323 1309 3401 Ἄδμητος
1331 3324 1481 3385 τελευτάν
1503 3321 1629 3400 μέλλων
1652 3323 1803 3406 παράσχῃ

105 3419 183 3482 τινὰ
210 3419 267 3484 τὸν
296 3417 376 3498 ὑπὲρ
404 3419 520 3484 ἑαυτοῦ
547 3420 661 3486 ἑκόντα
688 3422 935 3504 τεθνηξόμενον,
968 3421 1022 3487 ἵνα
1049 3421 1125 3488 ἴσον
1152 3429 1197 3504 τῷ
1224 3421 1371 3505 προτέρῳ
1399 3420 1520 3500 χρόνον
1548 3424 1637 3507 Ζήσῃ.
1686 3425 1737 3488 καὶ
1764 3425 1802 3500 δὴ

104 3519 279 3597 Ἄλκηστις
300 3519 319 3597 ή
349 3519 428 3597 γυνήΙ
451 3525 510 3586 τού
533 3521 686 3602 Ἀδμήτου
716 3523 878 3589 ἐπέδωκεν
900 3524 1031 3601 ἑαυτήν,
1055 3523 1227 3602 οὐδετέρου
1249 3527 1314 3588 τῶν
1336 3524 1461 3600 γονέων
1485 3523 1700 3600 ἐθελήσαντος
1722 3525 1803 3602 ὑπὲρ

105 3624 170 3685 τού
192 3622 308 3700 παιδὸς
330 3621 515 3689 ἀποθανεῖν.
560 3605 625 3704 μέτ’
647 3625 687 3691 οὐ
709 3627 794 3690 πολύ
817 3627 852 3690 δὲ
874 3628 990 3703 ταύτης
1012 3628 1070 3702 τῆς
1093 3628 1266 3704 συμφοράς
1288 3625 1464 3702 γενομένης
1485 3624 1643 3702 Ἡρακλῆς
1665 3643 1802 3702 παραγε-

107 3721 250 3802 νόμενος
280 3725 331 3788 καί
351 3725 461 3801 μαθὼν
483 3726 571 3805 παρά
592 3747 680 3804 πνος
703 3727 904 3806 θεράποντος
926 3728 965 3792 τά
986 3728 1059 3805 περὶ
1080 3727 1138 3804 τήν
1160 3728 1329 3804 Ἄλκηστιν
1352 3726 1509 3805 ἐπορεύθη
1532 3727 1584 3790 ἐπὶ
1606 3727 1663 3792 τὸν
1684 3725 1802 3809 τάφον,

108 3820 166 3888 καλ
191 3823 250 3890 τὸν
273 3825 422 3892 Θάνατον
448 3825 629 3907 ἀποστῆναι
656 3830 797 3910 ποιήσας
825 3830 933 3907 ἐσθῆτι
962 3829 1111 3893 καλύπτει
1139 3829 1197 3906 τὴν
1219 3831 1366 3904 γυναῖκα·
1394 3827 1452 3893 τὸν
1476 3829 1511 3892 δὲ
1532 3829 1691 3907 Ἄδμητον
1713 3827 1802 3904 ἠξίου

107 3925 252 4006 λαβόντα
279 3925 378 4006 αὐτὴν
400 3932 522 4010 πγρεῑν·
555 3929 719 4010 εἰληφέναι
740 3931 802 4010 γὰρ
824 3929 924 4009 αύτήν
946 3931 1051 4010 πάλης
1074 3928 1173 3994 άθλον
1195 3928 1293 4005 ἔλεγε.
1336 3931 1376 4008 μή
1400 3929 1598 4010 βουλομένου
1620 3931 1656 3994 δὲ
1678 3928 1801 3994 ἐκείνου

107 4026 326 4107 ἀποκαλύψας
348 4027 465 4097 ἔδειξεν
487 4032 527 4109 ἣν
548 4030 682 4097 ἐπένθει.

195 4126 236 4191 Π.
280 4131 448 4210 Ἄλκηστις
474 4132 493 4210 ὴ
520 4131 641 4198 Πελίου
668 4133 808 4213 θυγάτηρ
836 4131 1037 4212 ὑπομείνασα
1065 4131 1144 4213 ὑπὲρ
1174 4137 1232 4198 τού
1255 4129 1335 4197 ἰδίου
1358 4131 1480 4211 ἀνδρὸς
1502 4135 1689 4211 τελευτῆσαι
1710 4131 1802 4213 Ἡρα·

105 4231 224 4308 κλέους
247 4231 504 4313 ἐπιδημήσαντος
528 4234 564 4300 ἐν
584 4243 622 4318 τῇ
639 4235 792 4319 Θετταλίᾳ
814 4237 1017 4318 διασώζεται,
1041 4236 1236 4316 βιασαμένου
1258 4235 1335 4312 τούς
1359 4234 1510 4313 χθονίους
1532 4234 1630 4312 θεοὺς
1652 4234 1702 4298 καὶ
1724 4232 1802 4313 ἀφε-

106 4332 248 4412 λομένου
270 4335 328 4412 τήν
349 4339 494 4409 γυναῖκα.
539 4337 614 4415 παρ’
636 4337 795 4422 οὐδετέρῳ
818 4341 915 4404 κεῖται
937 4337 955 4416 ἡ
979 4336 1157 4418 μυθοποιία.
1255 4397 1262 4406 .

175 4433 238 4522 ,Τό
262 4435 382 4514 δράμω
405 4435 536 4516 ἐποιήθη
560 4436 619 4506 ιζ’“.
662 4437 810 4518 ἐδιδάχθη
834 4439 886 4504 ἐπὶ
909 4441 1079 4504 Γλαυκίνου
1101 4438 1262 4518 ἄρχοντος
1285 4435 1484 4517 ὀλυμπιάδος
1507 4436 1547 4500 πέ
1570 4435 1632 4501 ἔτει
1654 4437 1802 4520 δευτέρῳ.

106 4540 239 4612 πρῶτος
261 4533 301 4613 ἦν
319 4539 505 4622 Σοφοκλῆς,
526 4539 690 4618 δεύτερος·
704 4539 876 4619 Εὐριπίδης
901 4542 1079 4624 Κρήσσαις,
1102 4540 1288 4619 Ἀλκμαίωνι
1308 4545 1355 4624 τῷ
1379 4541 1431 4604 διά
1453 4539 1625 4621 Ψωφῖδος,
1648 4538 1798 4622 Τηλέφῳ,

105 4637 287 4716 Ἀλκήστιδι
317 4688 323 4700 .
346 4689 354 4703 .
376 4689 383 4702 .
406 4690 413 4703 .
445 4641 484 4705 τὸ
507 4643 542 4708 δέ
565 4645 668 4722 δρᾶμα
689 4643 913 4721 κωμικωτέραν
936 4643 1000 4722 ἔχει
1022 4645 1080 4722 τήν
1103 4641 1340 4722 καταστροφήν.

190 4739 226 4804 Ἠ
251 4741 352 4820 σκηνή
375 4745 432 4805 τού
455 4741 616 4821 δράματος
640 4740 803 4808 ὑπόκειται
825 4743 860 4807 ἐν
884 4743 1019 4828 Φεραῖς,
1041 4751 1094 4829 μιᾷ
1115 4743 1209 4809 πόλει
1231 4747 1287 4822 τῆς
1311 4731 1511 4819 Θετταλίας·Ι
1526 4742 1702 4819 συνέστηκε
1724 4741 1759 4805 δὲ
1782 4743 1801 4806 δ

106 4840 208 4919 χορὸς
231 4839 267 4904 ἔκ
288 4861 385 4906 τινων
407 4848 597 4923 πρεσβυτῶν
621 4844 780 4908 ἐντοπίων
787 4895 796 4928 ,
826 4845 858 4909 οἳ
885 4847 935 4909 καὶ
958 4846 1186 4924 παραγίνονται
1209 4844 1479 4922 συμποθήσοντες
1501 4845 1571 4921 ταῖς
1597 4843 1802 4921 Ἀλκήστιδος

105 4931 302 5022 συμίροραίς.
346 4944 529 5022 προλογίζει
551 4945 570 5009 δ
592 4944 768 5010 Ἀπόλλων.
806 4945 896 5011 Είσιδ
1059 4944 1232 5026 έχορήγειί.

189 5187 200 5213 ⁸
221 5179 370 5234 Ὑποθέσει
382 5184 475 5250 priori,
489 5199 560 5249 quae
573 5184 692 5235 Scholiis
704 5187 733 5235 iu
745 5185 891 5235 Platonem
904 5184 984 5236 ίλλειλιι
998 5189 1041 5236 συί
1055 5187 1127 5251 p.44.
1141 5186 1184 5236 ed.
1194 5185 1303 5236 Ruhuk.
1315 5181 1500 5248 (3⁷4.Bekk.)‚
1514 5185 1543 5233 in
1556 5183 1615 5235 uod.
1628 5183 1701 5236 Flor.
1716 5185 1804 5250 plutei
1924 5178 1928 5190 '

103 5251 148 5312 32,
160 5251 185 5300 2.
198 5247 247 5314 (C)
260 5248 429 5315 Δικαιάρχου
446 5267 543 5303 nomen
562 5255 777 5318 praescriptum,
794 5258 827 5303 ui
844 5251 977 5305 ὑποθέσει
993 5254 1109 5305 Medeae
1127 5255 1156 5304 in
1171 5254 1266 5305 eodum
1282 5253 1394 5315 αοάίυο,
1413 5253 1527 5303 alierum
1544 5251 1737 5317 Aristophanis
1750 5255 1803 5316 By·

104 5317 193 5367 zantii
206 5332 268 5368 erue
283 5320 400 5369 coniecit
411 5319 604 5371 Kiruhhoffius.

190 5383 203 5419 b
222 5383 264 5436 Τὸ
275 5384 366 5449 δρᾶμα
377 5415 410 5423 -
421 5386 635 5453 καταστροφήν]
650 5389 769 5439 Haecin
782 5387 839 5440 τοίο
853 5395 962 5440 serrata
975 5395 1040 5441 suut
1051 5391 1084 5453 V,
1104 5405 1158 5440 non
1170 5392 1230 5442 sine
1243 5389 1367 5456 pluribus
1379 5389 1533 5454 scripturae
1546 5389 1637 5452 vitiis,
1656 5387 1689 5438 de
1704 5389 1802 5454 quibus

103 5451 163 5504 dixi
175 5454 205 5503 ίτι
218 5461 313 5507 annot.
327 5455 362 5505 ad
375 5455 488 5506 Scholia
500 5457 555 5507 νοί.
567 5459 593 5510 4.
607 5473 633 5523 p.
646 5460 687 5528 ββ.
699 5459 741 5507 87.
1616 5475 1619 5482 “

188 5529 199 5554 ⁶
218 5513 266 5586 ιζ’]
292 5523 426 5574 Numerus
437 5525 510 5575 iusto
523 5525 622 5590 minor,
641 5541 691 5590 pro
704 5541 757 5590 quo
770 5525 840 5574 ιιλίαα
853 5527 1002 5590 requiritur
1013 5527 1162 5577 tricenario
1195 5527 1299 5592 ropior,
1318 5530 1350 5576 ut
1362 5524 1471 5576 ostendi
1484 5525 1512 5574 in
1526 5529 1619 5576 auuoi.

188 5589 201 5623 ⁴¹
219 5587 293 5642 Είσιδ
306 5627 312 5640 .
326 5628 332 5641 .
345 5629 352 5642 .
365 5629 371 5641 .
384 5589 523 5658 ἐχορήγει]
538 5593 618 5644 Haec
629 5594 715 5642 verbu
728 5593 779 5643 soli
791 5599 937 5644 servarunt
948 5597 982 5658 V,
1001 5595 1029 5644 in
1042 5609 1095 5660 quo
1108 5599 1151 5644 οεί
1163 5543 1232 5645 είσιδ
1246 5634 1251 5646 .
1264 5631 1270 5644 .
1284 5590 1428 5657 έχορηγοί,
1447 5598 1476 5643 et
1488 5593 1580 5644 Havn.
1592 5593 1639 5657 qui
1652 5590 1706 5644 είσλ
1718 5591 1749 5644 δὲ
1761 5631 1767 5644 .
1777 5631 1802 5646 ..

100 5654 229 5722 χαρηγοί.
253 5657 433 5710 Sur-ibenium
444 5661 555 5710 videtur
568 5659 704 5722 Ἰσόδοτος
715 5658 855 5726 έχαρήγει,
875 5662 909 5712 de
922 5678 975 5728 quo
988 5663 1046 5712 dixi
1058 5663 1086 5712 iu
1098 5669 1192 5712 annot.
1206 5664 1276 5727 p.8i.
1299 5661 1392 5712 Verba
1405 5661 1466 5726 ipsa
1478 5675 1543 5726 pars
1556 5667 1619 5712 runt
1632 5660 1802 5714 didascaliue

101 5725 224 5792 ideoque
236 5741 320 5792 supra
332 5726 492 5778 collocanda
503 5735 566 5793 post
577 5727 711 5794 Τηλέφῳ,
725 5727 890 5794 Ἀλκήστιδι.
