4372 6614
632 505 685 554 na
715 503 875 556 aruuars
909 505 1141 560 roananure
1171 505 1456 558 scncrooaum.
1766 521 1769 530 ·
1852 505 1894 568 63

1180 609 1357 617 -—-..-—-‹-.....

201 655 330 720 strophas
346 657 412 706 Pac.
428 657 582 708 sta—sta.
594 677 627 698 ==
645 658 827 708 1097-1031.
847 663 876 708 et
892 659 958 723 Lys.
975 661 1034 710 479.
1060 655 1119 719 “sic
1130 657 1199 721 όρεα
1211 656 1354 721 βαθύκομα
1370 656 1432 710 τάδ’
1443 656 1564 710 ἐπέσυτο
1578 657 1714 723 βροτών”,
1733 659 1806 723 qnod
1823 659 1894 709 alios

199 724 259 773 130.
271 744 306 764 ==
319 725 376 774 643.
389 725 449 774 614.
468 724 552 774 eierat
566 739 617 789 ego
630 724 684 774 feci
700 728 729 774 ia
741 725 877 790 tripodias
890 741 951 776 esee
965 727 1034 777 diri·
1060 725 1132 778 κατὰ
1148 724 1223 778 πόδα
1240 725 1416 790 διαιροῦντας
1433 724 1616 793 πυρριχιακόν
1633 726 1791 793 appellasse
1813 726 1892 780 dicit.

201 790 317 843 dandas.
345 791 438 842 Minus
456 795 594 844 certares
611 796 654 842 est
671 790 703 842 de
720 793 848 858 tripodiis
864 793 1033 859 Euripideis,

220 873 271 910 nas
289 873 381 909 omnes
402 863 508 910 mutata
529 873 656 910 versuum
678 859 767 910 deseri
789 862 863 911 tione
887 860 971 912 facile
992 877 1033 912 ra·
1399 888 1405 900 ·
1428 887 1434 900 ·
1626 888 1631 900 ·
1798 887 1803 898 ·
1827 885 1833 896 ·

201 874 306 977 iusseri
318 941 398 993 posse
411 925 534 978 ostendit
545 926 713 978 Bartholdus
730 929 758 977 iu
769 876 867 980 isaaco
879 928 966 984 Rhea.
978 928 1031 980 val.
1100 882 1149 939 Μ’
1186 883 1229 942 De
1251 891 1448 956 anapaems
1470 891 1646 942 mmmm
1668 884 1855 940 mmmm&

200 996 243 1047 91.
255 1009 282 1060 ρ.
295 995 404 1049 61-69.
1112 992 1336 1058 Ἐπισημότατόν
1348 992 1421 1060 ἐστι,
1439 997 1529 1062 inquit
1541 996 1716 1062 Hephaestio
1729 1011 1753 1050 c.
1766 997 1791 1046 8.
1805 1010 1830 1060 p.
1843 996 1894 1046 48..

252 1061 417 1112 Monumetri
437 1064 510 1113 inter
530 1061 661 1114 dimetros
683 1063 769 1128 positi
789 1063 947 1128 frequentia
971 1070 1035 1116 sunt
1060 1062 1094 1113 τό
1106 1059 1299 1126 τετράμετρον
1312 1063 1520 1128 καταληκτικόν
1538 1061 1576 1125 εἰς
1589 1063 1731 1127 συλλαβὴν
1748 1061 1781 1113 τό
1794 1062 1894 1113 καλού·

201 1129 342 1195 exempla,
359 1145 449 1195 pauca
465 1130 493 1178 in
506 1131 586 1180 initio
600 1131 771 1196 stropharum
784 1132 882 1198 positi,
899 1131 977 1182 velut
990 1148 1034 1196 ap.
1061 1143 1147 1192 μενον
1165 1129 1395 1194 Ἀριστοφάνειον
1413 1131 1494 1195 (Nub.
1507 1130 1581 1196 969.)
1598 1130 1663 1183 “ότ’
1676 1128 1733 1192 ἐγώ
1749 1128 1785 1181 τά
1802 1127 1893 1181 δίκαια

201 1197 299 1264 Εαιὶρ.
315 1196 374 1263 1ρλ.
390 1199 423 1248 Τ.
442 1199 499 1250 193.
516 1203 559 1260 et,
582 1199 629 1249 ubi
647 1199 794 1263 anapaesti
811 1198 955 1264 spondiaei
972 1215 1032 1250 cum
1061 1195 1154 1259 λέγων
1166 1197 1273 1260 ἤνθουν
1290 1199 1335 1249 καί
1352 1198 1526 1264 σωφροσύνη
1546 1196 1734 1262 ’νενόμιστο.”
1762 1196 1894 1262 κέκληται

202 1265 336 1330 legitimis
348 1264 426 1314 mixti
440 1270 512 1327 sunt,
532 1265 615 1330 Soph.
629 1266 673 1320 El.
686 1268 727 1317 86.
739 1287 774 1312 ==
787 1269 843 1317 103.
1060 1264 1091 1317 δέ
1105 1262 1349 1330 Ἀριστοφάνειον,
1367 1265 1420 1318 ούκ
1438 1264 1659 1332 Ἀριστοφάνους
1675 1264 1747 1317 αύτό
1761 1263 1894 1329 εύρόντος

251 1333 416 1384 Monometri
435 1332 653 1398 hypercatalecti
676 1349 802 1384 mensura
827 1335 881 1385 etsi
905 1337 1032 1386 versibus
1062 1330 1195 1396 πρώτου,
1214 1329 1276 1383 ἐπεὶ
1289 1333 1334 1384 καί
1352 1333 1428 1398 παρά
1442 1331 1569 1399 Κρατίνῳ
1582 1333 1642 1386 ἐστὶ
1655 1331 1785 1397 κχαίρετε
1798 1329 1891 1395 δαίμο-

201 1399 355 1460 nonnullis‚
373 1400 420 1466 qui
432 1400 515 1450 aliam
529 1415 683 1452 mensnram
698 1401 861 1466 excludunt,
875 1403 1034 1454 necessario
1061 1414 1108 1461 νες
1124 1397 1151 1451 ol
1163 1398 1314 1462 Λεβάδειαν
1332 1400 1468 1452 Βοιώτιον
1483 1400 1571 1466 οὖθαρ
1588 1399 1709 1467 ἀρούρης
1719 1399 1744 1464 ”,
1762 1398 1835 1451 ἀλλά
1851 1398 1895 1451 διὰ

133 1507 138 1516 .
201 1472 246 1518 est
258 1466 427 1530 adhibenda,
440 1473 471 1518 ut
484 1469 548 1519 Eur.
555 1468 677 1519 Ιοιι.149.
686 1472 742 1520 160.
756 1469 877 1533 νοτερόν
887 1468 962 1534 ύδωρ
973 1468 1035 1532 βάλ·
1060 1467 1095 1518 τό
1108 1467 1160 1518 τόν
1174 1466 1382 1533 ’Ἀριστοφάνην
1395 1469 1493 1535 πολλῷ
1507 1467 1586 1532 αὐτῷ
1601 1469 1763 1532 κεχρῆσθαι·
1781 1466 1827 1518 καί
1839 1466 1894 1531 πρό

201 1535 263 1586 λων
278 1532 283 1599 Ι
297 1534 376 1596 όσιος
392 1533 442 1586 ἀπ’
454 1533 537 1597 εύνύς
554 1535 604 1587 ών.
629 1539 687 1587 906.
704 1536 739 1589 σύ
758 1534 788 1587 δέ
800 1536 899 1603 κιθάρᾳ
917 1535 1033 1601 κλάζεις,
1063 1533 1199 1600 Κρατίνου
1221 1534 1289 1599 παρ’
1311 1534 1482 1601 Ἐπιχάρμῳ,
1504 1535 1536 1598 ὃς
1557 1536 1601 1587 καί
1623 1535 1676 1586 όλα
1697 1533 1748 1587 δύο
1768 1532 1895 1599 δράματα

201 1608 295 1652 tamen
308 1602 371 1652 aliis
383 1603 412 1653 in
424 1602 493 1654 loeis
511 1620 565 1654 non
577 1607 674 1670 paucis
690 1604 826 1655 incertum
844 1605 931 1656 videri
943 1612 1036 1671 potest
1062 1602 1157 1668 τούτῳ
1170 1606 1212 1668 τῳ
1225 1601 1318 1668 μέτρῳ
1331 1603 1466 1668 γέγραφε,
1477 1603 1545 1665 τούς
1556 1617 1587 1654 τε
1598 1602 1775 1668 Χορεύοντας
1788 1602 1834 1652 καί
1842 1600 1895 1653 τόν

201 1675 292 1720 utrum
305 1677 422 1722 metrum
438 1671 695 1736 sitanapaesticum
714 1688 750 1722 an
767 1673 964 1723 dochmiacum.
989 1673 1035 1738 Sic
1065 1669 1222 1721 ῗΕπινέκισν.
1259 1671 1356 1722 Nullus
1374 1672 1454 1722 huius
1471 1670 1894 1736 metriusnsestintragoedia,

201 1737 277 1804 apud
293 1737 453 1804 Euripidem
470 1739 499 1788 in
518 1742 637 1790 carmine
655 1740 724 1790 Hee.
740 1743 889 1792 178-916.
904 1741 976 1806 qnod
990 1757 1035 1791 ex·
1063 1743 1144 1789 tauto
1157 1739 1328 1804 frequentior
1344 1739 1373 1788 in
1386 1740 1526 1790 comoedia
1541 1741 1589 1790 ubi
1602 1740 1689 1789 oratio
1706 1737 1791 1788 altius
1804 1752 1895 1787 assur-

201 1807 292 1871 eeptis
304 1806 430 1856 versibus
442 1808 501 1856 919.
515 1809 583 1869 990,
596 1822 708 1872 quornm
723 1807 797 1872 prior
810 1807 977 1872 dactylicus,
998 1808 1036 1858 al·
1063 1807 1117 1872 git:
1138 1806 1210 1855 unde
1223 1807 1252 1855 in
1266 1805 1317 1856 hoc
1330 1807 1410 1857 metri
1447 1822 1529 1857 suere
1542 1806 1638 1858 cornici
1649 1806 1786 1856 interdum
1799 1804 1895 1855 formis

133 1915 134 1918 ,
202 1879 246 1924 ter
258 1873 381 1938 tripodia
393 1874 514 1925 iambica
527 1879 582 1938 est,
601 1887 634 1924 ex
651 1876 814 1940 anapaestis
831 1880 942 1926 constat
956 1892 1035 1942 spon·
1062 1874 1258 1926 vocabulorum
1271 1874 1385 1939 tragicis
1397 1823 1445 1924 τε)
1455 1874 1542 1939 epicis
1552 1875 1595 1925 usi
1605 1879 1677 1936 sunt,
1689 1875 1789 1923 breves
1801 1876 1895 1932 tamen

202 1941 304 2004 discis,
330 1940 450 2007 quinque
471 1941 627 1993 huiusmodi
648 1957 742 1994 versus
763 1945 952 2008 reperiuntur,
977 1945 1034 1994 180.
1063 1941 1185 2006 syllabas
1202 1945 1268 1991 ante
1285 1949 1388 1992 mutam
1405 1958 1466 1992 cum
1483 1941 1602 2006 liquida,
1625 1946 1657 1991 ut
1672 1943 1701 1990 iu
1720 1939 1783 1990 aliis
1800 1940 1895 2010 metris

203 2007 276 2072 ώμοι
289 2007 473 2072 μοι,τέκνον.
500 2011 554 2060 183.
573 2007 629 2060 uidi
646 2013 697 2071 σάς
714 2012 812 2073 ψυχάς.
835 2012 891 2062 190.
909 2008 1036 2075 Πηλείδα
1063 2010 1196 2071 omnibus,
1210 2009 1469 2075 uonprodnxarunt,
1482 2009 1553 2075 quod
1567 2009 1665 2074 tragici
1679 2007 1841 2074 saepissime
1855 2007 1894 2057 ia-

201 2073 297 2138 γέννιι.
327 2077 383 2126 194.
401 2073 528 2139 μάνυσον
544 2080 642 2141 μᾶτερ.
671 2080 731 2128 909.
750 2075 843 2142 ώρσέν
858 2091 900 2140 τις
917 2075 1035 2143 δαίμων,
1064 2083 1172 2140 cerunt,
1191 2076 1240 2125 sed
1258 2077 1462 2142 cornpnerunt,
1481 2077 1534 2126 nisi
1552 2092 1633 2142 quum
1649 2076 1735 2126 verba
1752 2090 1785 2125 ex
1799 2075 1895 2140 epicis,

202 2159 316 2264 ηυιίιέιέω
329 2159 482 2263 ιῖιοποιξιῖω
496 2144 683 2264 άοιέιλιιιιίιιοαιιι
700 2145 891 2264 οοιιιιαοιιὲλιιτο
908 2146 1036 2198 rideatur
1065 2145 1172 2226 lyricis,
1195 2144 1323 2261 ίιαὶἰοίο,
1346 2145 1464 2195 orationi
1481 2145 1647 2203 insererent,
1666 2158 1776 2208 perraro
1793 2143 1821 2192 in
1839 2143 1895 2192 suis

202 2229 229 2264 ν.
294 2225 334 2262 ,τ
361 2225 415 2263 ποτ
460 2224 531 2264 ναστ
548 2227 589 2266 νει
610 2227 616 2274 ;
655 2228 682 2263 ιιι
699 2228 754 2263 ana
773 2229 822 2264 aas
837 2229 910 2264 scam
927 2229 1036 2265 mensu·
1063 2229 1073 2261 ι
1094 2227 1183 2263 sorum
1195 2227 1245 2261 ver
1266 2227 1296 2263 rs.
1322 2221 1323 2226 ’

202 2295 262 2330 ram
278 2295 334 2330 non
357 2279 426 2342 sert,
447 2225 672 2345 quenadmiddin
694 2297 711 2330 e
727 2230 865 2332 cointrario
886 2287 944 2332 tres
960 2282 1036 2332 Ionis
1075 2229 1091 2278 p
1114 2279 1282 2330 Tetrametri
1303 2295 1385 2344 quum
1405 2280 1474 2330 nihil
1496 2280 1572 2331 aliud
1594 2281 1650 2330 sint
1674 2294 1756 2344 quam
1780 2277 1896 2328 dimeter

202 2362 300 2399 versus
313 2349 369 2398 149.
384 2349 440 2398 160.
452 2350 522 2412 906,
536 2349 582 2414 qui
593 2349 648 2414 ipsi
661 2363 769 2414 quoque
783 2350 811 2400 iu
822 2349 943 2400 carmine
956 2365 1034 2414 spon·
1065 2346 1235 2398 acatalectus
1249 2352 1277 2396 et
1288 2348 1480 2412 paroemincus
1492 2349 1521 2398 in
1531 2363 1616 2397 unum
1628 2362 1737 2397 versum
1747 2347 1895 2406 coniuncti,

202 2415 286 2466 diaco
309 2415 454 2480 leguntur,
484 2415 672 2467 dochmiacam
696 2415 844 2468 excludunt
871 2433 1036 2472 mensuram.
1063 2419 1279 2466 consentaneum
1298 2421 1340 2466 est
1357 2417 1499 2480 utriusque
1514 2417 1603 2480 partis
1620 2414 1698 2478 legas
1715 2412 1894 2464 easdemfere

203 2485 310 2534 Rursus
323 2481 483 2533 dochminea
500 2499 628 2535 mensura
645 2500 700 2536 nou
713 2485 804 2536 solum
823 2485 956 2536 dochmiis
972 2483 1037 2545 θεὸς
1065 2498 1125 2534 esse
1140 2497 1208 2547 quas
1221 2482 1331 2534 dimetri
1348 2488 1377 2532 et
1389 2483 1558 2546 paroemiaci
1572 2497 1632 2534 esse
1651 2497 1734 2548 supra
1747 2481 1897 2540 docuimus,

202 2547 361 2612 όμευνάτας
372 2554 402 2600 et
413 2547 479 2612 ἆγες
489 2547 622 2616 ἀναιδείᾳ,
637 2553 684 2618 qui
693 2553 767 2603 iuter
776 2557 944 2618 anapaestos
955 2567 1036 2618 spon·
1065 2551 1161 2616 paucis
1180 2555 1287 2600 tautum
1309 2553 1432 2601 mutatis.
1470 2550 1737 2600 Proceleusmaticns
1755 2548 1840 2614 igitur
1862 2549 1896 2597 ab

204 2617 434 2682 diacosep.Eur.
449 2619 805 2684 lon.894.896.leguntur,
820 2619 1035 2686 sedetiamplu·
1064 2619 1115 2668 hoc
1135 2623 1221 2667 metro
1243 2633 1295 2667 non
1316 2619 1406 2669 minus
1424 2617 1529 2668 alienus
1548 2623 1591 2668 est
1608 2633 1688 2683 quam
1707 2615 1826 2667 abillis.
1854 2616 1896 2664 De

203 2687 279 2736 ribus
292 2685 498 2737 commendatur
512 2688 645 2752 exemplis
663 2687 781 2737 doehmii
800 2704 832 2738 ex
849 2689 970 2753 quinque
983 2686 1037 2803 spl-
1065 2685 1172 2750 dactyli
1188 2699 1239 2734 usu
1256 2686 1370 2749 eiusque
1392 2701 1453 2735 cum
1474 2692 1628 2751 anapaesto
1649 2683 1846 2736 coniunctione
1867 2683 1896 2732 in

202 2753 276 2804 labis
288 2753 380 2818 longis
393 2755 537 2819 compositi
550 2760 579 2804 at
590 2756 662 2804 inter
674 2754 732 2804 alia
749 2759 836 2806 metra
849 2755 942 2820 positi,
960 2771 994 2805 ve
1007 2759 1038 2805 ut
1064 2751 1247 2816 sonipedibus
1263 2753 1357 2818 primis
1375 2753 1474 2804 eadem
1491 2754 1582 2802 omnia
1599 2759 1663 2804 snut
1683 2751 1804 2802 tenenda
1826 2765 1896 2814 quae

203 2821 387 2940 ἓριιὶλάλοοολι.
399 2819 519 2887 Chasph.
530 2825 573 2875 99.
584 2822 754 2904 πρόσπερνοι
766 2822 883 2902 στολμοί
899 2820 902 2885 l
917 2821 1038 2874 πέπλων
1064 2823 1092 2903 in
1115 2821 1287 2900 dimetroram
1309 2821 1469 2886 systematis
1488 2821 1629 2872 observari
1654 2820 1821 2900 dicebamus.
1859 2814 1898 2867 Ut

204 2890 1039 3022 ..t..titia-1³⁷⁹..,tthttttcultibilitas:
1065 2888 1898 3021 lsttltllllt‘ttll?..ltilptthlhsitinensi

204 3021 270 3084 asic
285 3043 320 3068 =
336 3025 394 3074 776.
411 3022 464 3074 τὰν
480 3021 678 3089 ἁρπαξάνδραν
694 3024 757 3090 κῆρ’
771 3023 917 3088 ἀφελόντα
934 3022 1037 3089 χώρας,
1066 3039 1114 3090 pes
1127 3028 1241 3088 quartus
1255 3023 1379 3087 dactylus
1393 3027 1435 3074 est
1447 3039 1563 3088 raroque
1580 3028 1643 3088 post
1655 3021 1794 3087 dactylum
1807 3021 1897 3086 sequi·
1968 3057 1972 3064 .

205 3097 292 3142 metro
306 3090 401 3142 eodem
419 3107 473 3156 quo
485 3095 547 3156 post
565 3107 660 3142 uersus
678 3092 877 3144 choriambicos
894 3109 939 3159 ap.
953 3092 1037 3156 Soph.
1066 3098 1111 3141 tur
1124 3095 1305 3156 anapaestus,
1318 3095 1349 3139 ut
1362 3105 1405 3155 ap.
1419 3091 1502 3141 Arist.
1516 3090 1587 3142 Nub.
1601 3093 1659 3141 396.
1677 3088 1717 3150 ώς
1728 3085 1762 3140 ού
1776 3089 1896 3151 καθορῶ,

204 3159 249 3211 Αἰ.
261 3160 334 3209 1906.
345 3155 464 3221 ἐρώτων
476 3157 502 3208 δ’
514 3157 632 3224 ἐρώτων
644 3158 819 3223 ἀπέπαυσεν,
833 3159 1037 3223 uppa==121s
1066 3157 1142 3222 παρὰ
1159 3157 1214 3221 τὴν
1231 3156 1351 3210 εἴσοδον.
1374 3157 1427 3222 ἤδη
1441 3158 1502 3208 νυνί
1516 3156 1594 3220 μόλις
1611 3156 1711 3218 ούτως.
1740 3158 1822 3220 Vesp.
1839 3158 1897 3205 316.

206 3227 285 3278 luter
301 3241 399 3276 versus
420 3227 632 3346 glyconeosap.
648 3228 713 3280 Eur.
731 3227 794 3279 Hel.
817 3231 891 3278 1307.
913 3225 1038 3292 ἀρρήτου
1050 3230 1052 3273 Ι
1065 3225 1141 3279 έστιν
1155 3224 1213 3289 dnh
1226 3224 1296 3289 δῆθ’,
1313 3225 1405 3289 ίίντιν’
1416 3223 1450 3276 ἂν
1466 3224 1582 3277 ἔνδοθεν
1593 3222 1653 3287 οίός
1669 3225 1696 3274 τ’
1708 3222 1751 3288 εἴη
1769 3221 1897 3274 διαλέέαι.

205 3293 317 3358 κούρας.
329 3315 363 3334 =
377 3295 449 3345 1396.
462 3291 554 3358 ῥίπτει
566 3293 592 3344 δ’
617 3310 633 3346 ν
646 3293 751 3347 πένθει.
777 3301 806 3346 et
817 3297 875 3358 Ιοιι.
886 3297 946 3346 498.
960 3298 1038 3346 ναῶν
1065 3297 1124 3346 397.
1141 3292 1231 3344 αὑτὸν
1243 3292 1338 3358 δήσας,
1354 3291 1377 3343 ab
1388 3291 1557 3358 μιαρώτατε,
1568 3290 1597 3344 τί
1608 3294 1709 3354 ποιείςς
1724 3289 1758 3342 ού
1769 3291 1806 3356 μὴ
1817 3303 1898 3342 κατα-

205 3358 357 3425 συρίγγων.
381 3365 440 3416 601.
458 3359 584 3428 συρίζης,
604 3360 714 3414 ώΠάν.
735 3367 763 3414 et
776 3363 857 3414 alibi:
872 3362 970 3428 quibus
983 3379 1038 3414 om·
1065 3360 1157 3426 βήσει;
1283 3415 1285 3426 ,

205 3431 287 3481 uibus
300 3428 485 3480 dochmiacam
502 3445 656 3480 mensuram
673 3430 856 3482 adhibendam
874 3445 934 3480 esse
949 3435 977 3480 et
990 3447 1039 3496 per
1117 3430 1239 3480 Caesare
1257 3432 1321 3494 post
1337 3428 1476 3493 dipodiam
1494 3431 1607 3494 primam
1626 3427 1670 3479 vel
1688 3432 1751 3493 post
1764 3427 1898 3492 syllabam

206 3513 236 3548 se
249 3497 392 3562 probabile
406 3500 449 3548 est
466 3503 495 3548 et
508 3495 670 3548 confirmant
682 3497 829 3563 Sophoclis
845 3513 941 3550 versus
957 3498 1038 3549 modo
1067 3499 1180 3562 primam
1192 3497 1304 3546 brevem
1317 3496 1393 3546 tertii
1402 3498 1550 3562 anapaesti
1562 3494 1606 3560 (ut
1619 3495 1897 3560 spatiamentum

206 3565 366 3683 1ιιποιιιοῖἷιῐί,
380 3565 473 3682 ηιιὲιιδ
486 3565 595 3682 ιρέἰαδιι
607 3565 686 3684 6τῖνὶ
697 3566 843 3683 incipiunt.
866 3567 993 3631 Apparet
1005 3581 1039 3615 ex
1065 3563 1093 3646 ἐξ
1105 3562 1139 3645 ού
1152 3578 1184 3627 γε
1196 3566 1320 3680 χοραῑσέν
1333 3562 1505 3681 ἐφέσᾶτηκεν)
1518 3565 1601 3644 etiam
1612 3565 1644 3680 {u
1656 3563 1825 3679 tetrapuetris
1838 3577 1898 3676 laue-

207 3647 639 3767 ..inlutttlthttlhqtz
654 3648 1039 3766 llts¹¹..¹l¹lt¹..⁸tll.‘’.tt;
1066 3646 1400 3764 tinnitibus.
1417 3645 1899 3752 .¹‡22.t.¹.¹.².”³...tsh:s¹list:

208 3767 331 3834 strophis
347 3767 506 3832 spondiacis
522 3768 664 3833 Euripidis
685 3783 733 3834 pro
751 3769 912 3834 anapaestis
932 3785 969 3819 an
990 3785 1039 3834 pro
1067 3769 1165 3835 gitima
1185 3768 1339 3816 tetrametri
1363 3783 1478 3817 caesura
1502 3771 1565 3832 post
1586 3765 1727 3832 dipodiam
1751 3763 1899 3814 secundam

207 3835 344 3886 doehmils
361 3836 417 3886 sint
435 3835 589 3886 habendae.
619 3836 794 3888 Probabilior
810 3843 902 3887 tumen
921 3851 1039 3902 anapae-
1069 3841 1124 3898 est,
1147 3850 1230 3899 quam
1245 3850 1356 3898 perraro
1377 3833 1497 3886 violasse
1517 3834 1659 3896 videntur,
1680 3837 1711 3882 ut
1727 3831 1811 3882 Arist.
1827 3831 1898 3880 Nub.

208 3904 283 3954 stica
303 3918 431 3954 mensura
448 3908 504 3967 est,
528 3919 596 3969 quae
618 3903 743 3955 versibus
762 3903 819 3955 illis
835 3904 960 3955 omnibns
978 3920 1040 3954 eon·
1066 3906 1125 3954 987.
1138 3901 1172 3954 σὺ
1185 3901 1216 3953 δέ
1228 3901 1295 3963 τούς
1308 3905 1360 3952 νύν
1373 3901 1457 3962 εύθιίς
1474 3900 1506 3952 ἐν
1524 3898 1655 3964 ἱματίοισι
1673 3898 1809 3960 διδάσκεις
1822 3896 1898 3950 ἐντε·

207 3971 334 4022 renitet
355 3971 399 4020 cui
418 3985 472 4022 non
490 3971 584 4022 obstat
605 3985 676 4021 unns
698 3971 745 4022 ille
768 3971 911 4022 doehmius
931 3971 1039 4037 Euripi·
1066 3967 1200 4033 τυλίχθαι.
1237 3969 1287 4021 dv.
1306 3973 1368 4023 600.
1384 3971 1446 4020 τῶν
1464 3967 1618 4034 ἀργυρίων·
1643 3965 1722 4019 ούτοι
1738 3964 1792 4031 γάρ
1808 3963 1898 4018 ἴσασι·

208 4039 252 4090 dis
269 4039 338 4088 Hee.
354 4040 411 4089 185.
426 4035 454 4090 τί
468 4037 534 4090 ποτ’
548 4037 725 4104 ἀναστένεις,
749 4041 795 4105 qui
813 4039 887 4090 inter
902 4039 1041 4104 spondeos
1068 4037 1181 4100 λέγουσι
1200 4034 1230 4087 δέ
1251 4050 1295 4087 τοι
1316 4034 1383 4089 τάδε
1405 4035 1518 4098 πάντες.
1554 4038 1636 4088 Plato
1658 4052 1702 4101 ep.
1724 4035 1851 4084 llnstath.
1873 4051 1898 4098 p.

209 4105 276 4172 poni
293 4107 383 4170 potnit
398 4109 430 4156 ut
447 4106 568 4171 tripudia
585 4107 705 4158 iambica
716 4106 834 4159 τάλαινα
852 4103 983 4170 πείσομαι
1000 4108 1040 4156 ἰιι·
1071 4109 1147 4170 1161,
1165 4105 1207 4155 46.
1225 4101 1265 4165 εἷς
1281 4103 1307 4156 δ’
1318 4102 1490 4170 ἀμφοτέρων
1508 4103 1650 4168 ὄστρακον
1667 4101 1795 4154 αύτοῑσιν
1807 4099 1900 4165 ἀνίησ’

207 4172 343 4240 terposita
356 4174 438 4224 estin
451 4173 546 4224 eodem
559 4175 681 4225 carmine
693 4177 751 4226 910.
775 4177 870 4240 Neque
885 4175 957 4224 enim
969 4175 1040 4224 veri-
1068 4172 1097 4235 ές
1109 4169 1196 4236 μέσον
1209 4170 1308 4233 ἑστώς.
1332 4171 1438 4223 Callias
1451 4189 1495 4238 ap.
1509 4171 1608 4224 htheu.
1623 4174 1662 4221 19.
1676 4186 1702 4236 p.
1716 4172 1766 4220 594
1778 4170 1798 4220 1.
1809 4164 1836 4218 τί
1846 4167 1900 4232 γάρ

208 4240 299 4292 simile
324 4244 368 4292 est
389 4241 461 4306 qaod
486 4241 682 4293 Bnchholtzius
702 4243 731 4292 in
756 4243 986 4292 commentatione
1008 4243 1040 4292 de
1068 4240 1085 4303 ἡ
1102 4239 1231 4306 τρυφερὰ
1244 4239 1288 4291 καί
1302 4239 1519 4304 καλλιτράπεζος
1533 4236 1622 4291 Ἰωνία
1635 4237 1719 4302 είφ’ό
1733 4251 1759 4287 τι
1772 4233 1899 4300 πράσσει.

210 4309 345 4374 Euripidis
361 4309 474 4360 versitas
491 4312 664 4374 anapaesticis
687 4309 819 4374 (Cottius,
841 4309 929 4375 1864.)
954 4324 982 4375 p.
999 4312 1041 4364 90.
1070 4310 1233 4374 Suspectum
1249 4324 1315 4359 vero
1332 4309 1403 4373 quod
1416 4310 1499 4374 Vesp.
1514 4309 1571 4360 568.
1589 4307 1703 4372 legitur,
1717 4304 1788 4371 pede
1802 4308 1899 4369 quarto

209 4377 332 4428 coniecit
352 4391 460 4428 versum
481 4376 559 4436 illum
581 4379 617 4428 ab
640 4378 841 4442 interpolatore
866 4376 956 4427 fictum
980 4393 1040 4427 esse
1068 4393 1122 4428 non
1139 4381 1169 4426 ut
1186 4375 1284 4426 inillis
1301 4377 1427 4428 versibus
1445 4379 1613 4442 anapaesto,
1632 4373 1680 4423 sed
1693 4372 1829 4438 spondeo,
1848 4371 1900 4422 κᾶν

207 4448 353 4511 postquam
365 4445 451 4494 rerba
465 4449 565 4510 poetae
579 4445 741 4499 exciderint.
1069 4444 1106 4508 μὴ
1118 4441 1230 4504 τούτοις
1244 4442 1489 4506 ἀναπειθώμεσθα,
1503 4441 1539 4494 τά
1552 4439 1673 4505 παιδάρι’
1685 4439 1767 4501 εύθύς
1780 4437 1899 4502 ἀνέλκει,

261 4512 341 4563 λίίιιό
359 4513 438 4562 metri
456 4511 526 4562 alius
544 4513 617 4562 inter
634 4517 804 4578 anapaestos
817 4513 982 4579 spondiacos
995 4529 1042 4579 po·
1069 4513 1116 4562 ubi
1133 4509 1368 4572 ἀναπειθώμεσθα
1386 4513 1421 4562 ab
1440 4512 1509 4562 hldo
1526 4511 1645 4576 positum
1663 4513 1707 4558 eet
1722 4523 1770 4573 pro
1787 4506 1900 4558 ἀναπει-

207 4581 258 4632 siti
276 4580 428 4645 exemplum
446 4580 578 4644 praebent
596 4580 739 4630 duodecim
755 4579 879 4644 syllabae
896 4581 996 4631 breves
1013 4582 1041 4631 in
1068 4577 1197 4642 trispeda,
1215 4579 1286 4643 qnod
1299 4585 1343 4629 est
1355 4579 1384 4628 in
1397 4578 1545 4632 codicibus.

209 4647 280 4700 locis
293 4651 423 4712 quattuor
435 4646 585 4713 Euripidis,
636 4648 661 4696 h.
676 4649 706 4698 Τ.
721 4651 775 4698 197.
794 4644 883 4711 φόνος
899 4646 944 4699 ἐπὶ
958 4646 1040 4713 φόνῳ
1121 4647 1306 4709 Paroemisci,
1328 4661 1398 4712 quae
1416 4647 1505 4698 altera
1522 4651 1564 4696 est
1581 4644 1736 4696 tetrametri
1752 4659 1829 4709 pars,
1853 4659 1901 4710 pes

208 4715 314 4778 (altera
327 4713 433 4778 syllaba
447 4715 585 4780 correpta)
604 4663 673 4779 dlisd
688 4714 715 4765 τ’
726 4713 831 4779 άχεσιν.
858 4717 916 4766 990.
934 4714 1041 4778 ἀγαμος
1069 4715 1182 4777 tertius,
1199 4715 1258 4765 sive
1272 4715 1405 4780 septimus
1418 4714 1587 4774 tetrametri,
1604 4717 1764 4763 constanter
1781 4715 1824 4762 est
1837 4726 1902 4762 ana-

207 4783 328 4843 ἀτεκνος
345 4778 445 4843 ἀπολις
461 4780 572 4845 όφιλος.
601 4783 660 4832 Ιοιι.
674 4784 733 4834 889.
751 4781 855 4847 κρόκεα
867 4773 976 4834 πέταλα
989 4780 1042 4846 ‹pd-
1069 4788 1196 4848 penetus,
1215 4795 1354 4846 nonquam
1368 4781 1507 4846 dactylus,
1526 4795 1639 4846 perraro
1653 4780 1803 4845 spondens,
1824 4779 1902 4829 cuins

207 4863 289 4916 ρεσιν
300 4847 429 4914 ἔδρεπον.
447 4851 505 4900 900.
519 4847 566 4900 ίνα
579 4864 613 4912 με
623 4848 716 4912 λέχεσι
730 4849 815 4912 μέλεα
827 4849 935 4912 μέλεος.
954 4851 1043 4901 euius·
1069 4848 1222 4914 exemplum
1237 4849 1407 4914 Hephaestio
1421 4866 1445 4929 p.
1458 4853 1499 4899 60.
1513 4865 1548 4899 ex
1560 4847 1674 4897 Cratino
1688 4847 1798 4909 attulit,
1817 4843 1856 4906 ώς
1869 4844 1903 4895 όν

208 4918 284 4969 morli
295 4932 391 4967 versus
410 4918 432 4968 si
450 4918 490 4967 ite
504 4918 627 4967 metiaris
644 4925 675 4967 ut
692 4935 724 4968 ex
738 4919 900 4984 anapaestis
913 4922 1043 4970 constent
1070 4918 1177 4980 μύλλου
1188 4919 1248 4978 τοῖς
1261 4915 1405 4981 πηδαλίοίς
1417 4931 1435 4978 η
1449 4918 1517 4978 ναύς
1529 4914 1612 4978 ἡμῶν
1623 4915 1768 4979 πειθαρχῇ,
1781 4914 1834 4964 duo
1848 4914 1904 4964 alia

208 4989 238 5036 in
257 4985 517 5050 proceleusmaticos
534 4985 644 5046 solutis,
667 4987 773 5038 numeri
790 4986 913 5036 evadunt
929 4987 1044 5051 ineptis·
1065 5001 1104 5036 ex
1117 4985 1282 5036 Aristoxeno
1295 4989 1324 5034 et
1337 4986 1466 5050 Tyrtaeo.
1492 4985 1559 5034 Nam
1573 4997 1654 5048 quum
1668 4984 1696 5034 in
1709 4981 1902 5047 paroemiacis,

208 5055 288 5113 simi,
309 5051 476 5117 multumque
494 5051 642 5103 dissimiles
662 5055 789 5106 versibus
810 5053 899 5118 qualis
917 5059 962 5103 est
978 5053 1042 5105 Eur.
1073 5053 1172 5118 quibus
1192 5057 1346 5116 systemata
1370 5052 1545 5102 dimetrorum
1567 5050 1640 5100 liniri
1662 5051 1766 5113 solent,
1791 5063 1903 5114 perraro

208 5123 223 5172 1
244 5121 271 5171 h.
285 5121 316 5172 T.
330 5123 389 5171 930.
402 5119 553 5181 σύγγονον,
567 5119 601 5170 όν
613 5119 711 5172 ἔλιπον
724 5117 925 5183 ἐπιμαστίδιον.
946 5123 1044 5184 Quam·
1072 5120 1211 5185 spondeus
1229 5126 1294 5170 ante
1312 5118 1452 5171 catalexin
1465 5119 1632 5184 reperiatur,
1650 5123 1681 5167 ut
1699 5132 1783 5182 supra
1795 5116 1904 5167 ostendi

208 5139 304 5240 agrem
322 5203 376 5238 non
394 5187 576 5238 dubitandum
595 5189 659 5254 quin
678 5189 801 5240 trochaei
823 5189 924 5239 sintin
946 5190 1044 5240 tribra·
1073 5205 1099 5254 p.
1116 5189 1173 5246 61.,
1197 5185 1269 5237 idem
1291 5202 1340 5254 pes
1359 5188 1442 5237 etiam
1460 5187 1495 5237 ab
1519 5187 1638 5252 septima
1661 5184 1817 5236 tetrametri
1838 5182 1904 5234 sede

210 5257 279 5307 ahos
293 5254 390 5312 soluti,
409 5255 538 5321 qualibus
554 5256 714 5321 Euripidem
731 5257 814 5306 etiam
833 5257 861 5306 in
879 5257 1045 5308 carminibus
1070 5255 1179 5306 alienus
1204 5260 1264 5305 erat
1287 5254 1438 5305 habendus.
1474 5253 1614 5319 Septimus
1638 5258 1730 5303 antem
1750 5266 1799 5317 pes
1822 5265 1904 5316 quum

209 5321 659 5442 llt.tt⁰¹lbtht.⁰shtt
672 5324 1046 5442 thntltltstllll
1071 5327 1533 5441 3316139337133913
1547 5326 1838 5440 antistitis?
1853 5324 1905 5438 tt

209 5475 235 5524 p.
248 5460 292 5512 68.
306 5460 347 5510 69.
768 5497 770 5502 .
836 5430 842 5444 ⁸
916 5429 922 5441 ¹
954 5407 990 5444 Ο.
1039 5433 1044 5443 ’
1072 5407 1294 5522 ιιεέέοέχλιιιαοί
1307 5407 1570 5524 ariapaeetueeiuxta
1586 5406 1615 5508 εἰ
1631 5427 1813 5522 puderentur,
1831 5405 1905 5520 guod

262 5525 302 5575 hd
316 5539 403 5591 genus
415 5527 624 5592 anapaesticum
637 5527 810 5592 Hephaestio
824 5542 846 5579 c.
859 5529 883 5579 8.
897 5543 921 5593 p.
935 5529 976 5578 63.
990 5534 1044 5577 ret·
1071 5527 1212 5592 ignoravit
1229 5526 1359 5578 librarius
1381 5527 1428 5590 qui
1445 5527 1474 5576 in
1490 5525 1542 5578 line
1558 5539 1655 5576 versus
1673 5523 1757 5574 Arist.
1776 5525 1825 5573 λν.
1844 5523 1904 5572 sal.

210 5594 277 5644 tulit
288 5591 323 5644 τό
337 5593 615 5657 προκελευσματικόν
626 5593 676 5646 ὑπ’
687 5592 772 5645 ἐνίων
784 5594 969 5658 καλούμενον,
983 5592 1046 5645 οῐον
1071 5592 1452 5659 τορνευτασπιδολυροπηγοί
1477 5595 1530 5654 scri
1551 5594 1589 5644 sit
1610 5608 1658 5658 pro
1681 5590 1904 5654 τορνευτολυρα-

207 5661 244 5714 sd
256 5658 448 5726 τετράμετρον
459 5663 547 5713 τούτο
559 5662 594 5714 τό
608 5660 840 5728 Ἀριστοφάνειον
853 5663 960 5729 (fragm.
972 5665 1044 5728 667.)
1058 5650 1060 5732 )
1072 5658 1251 5726 σπιδοπηγοί,
1270 5663 1341 5727 quod
1353 5665 1475 5714 servavit
1487 5678 1518 5713 co
1539 5677 1573 5712 ex
1585 5661 1741 5712 Ravennae.
