4372 6614
396 1541 466 1616 DE
493 1541 618 1620 VITA
643 1541 713 1618 ET
741 1543 966 1621 SCRIPTIS
993 1540 1277 1619 POETARUM
1304 1539 1669 1674 suuuluouuu

871 1786 1023 1792 ---...-.
1030 1787 1091 1792 ...q-
1098 1785 1167 1793 .-—-.

227 1971 270 2021 De
283 1969 341 2020 vita
354 1974 382 2020 et
395 1971 506 2035 scriptis
518 1975 659 2036 poetarum
671 1971 838 2020 scenicorum
849 1970 1008 2036 principum,
1037 1971 1145 2020 tineent
1162 1986 1195 2021 ex
1215 1974 1338 2021 veterum
1359 1969 1501 2019 doctorum
1522 1968 1763 2021 Alexandrinorum
1784 1969 1861 2021 libris

182 2037 310 2103 Aeschyli
335 2037 478 2104 Sophoclis
498 2037 639 2104 Euripidis
663 2042 692 2088 et
712 2037 917 2104 Aristophanis,
939 2053 1009 2103 quae
1037 2037 1171 2100 derivata,
1182 2039 1269 2089 omnis
1279 2038 1360 2088 huius
1370 2037 1565 2101 disputationis
1575 2037 1779 2088 fundamentum
1789 2044 1861 2093 aunt.

182 2105 265 2156 hodie
277 2105 321 2156 vel
337 2107 402 2156 sciri
414 2106 459 2158 vel
473 2107 573 2157 coniici
590 2110 703 2172 possunt
721 2107 819 2171 partim
840 2123 873 2157 ex
890 2107 1010 2172 ipsorum
1037 2105 1218 2170 Quamobrem
1230 2107 1264 2157 ab
1276 2105 1321 2156 his
1333 2105 1636 2171 proponendisinitium
1649 2105 1789 2169 iaciemus,
1805 2111 1861 2156 tum

182 2173 486 2292 schiptistalioruntrque
513 2177 673 2291 scriptoruhru
699 2180 824 2224 veterum
846 2175 1010 2291 testimoniis
1037 2174 1142 2291 rqlliqua
1159 2188 1229 2290 qurze
1246 2173 1291 2224 vel
1308 2172 1620 2293 eearrqhvirltpmldssidih
1640 2172 1735 2291 babffii
1757 2174 1863 2239 possint

181 2256 1862 2375 01100.ίύλλσξπίλύιῶύὐ.ὐ“ἱ“λαλλ.ιἓ.;ὐιῖ.ζ.“..ιῑί“ὐ.λ;...λιιὲ.11110100.

183 2375 403 2442 Ἀριστοφάνους
415 2377 557 2443 inscriptis
569 2384 599 2428 et
610 2393 660 2443 per
671 2377 779 2430 codices
790 2379 950 2444 propagatis
963 2378 1009 2428 de·
1037 2378 1131 2428 harum
1144 2377 1335 2442 quaestionum
1344 2379 1520 2440 tractatione,
1535 2377 1642 2442 qualem
1655 2393 1706 2444 ego
1718 2376 1750 2427 de
1762 2377 1863 2442 Sopho·

180 2443 315 2498 rivantur.
342 2447 419 2510 Quae
438 2453 567 2511 excerpta
584 2445 651 2496 licet
667 2445 744 2496 nulla
757 2462 791 2497 ex
807 2453 885 2512 parte
899 2445 1009 2498 astiste-
1038 2445 1079 2496 cle
1090 2447 1198 2496 institui
1210 2447 1238 2496 in
1251 2445 1314 2496 Vita
1326 2445 1406 2495 huius
1418 2449 1517 2510 poetae
1530 2459 1598 2510 quae
1611 2446 1640 2496 iu
1659 2445 1780 2497 editione
1793 2445 1864 2496 Oxo·

181 2512 260 2562 ciant
276 2517 305 2564 et
326 2513 398 2564 falsa
419 2513 464 2564 val
484 2514 669 2566 commentitia
690 2513 776 2565 multa
797 2516 869 2566 veris
891 2513 1010 2564 admixta
1037 2514 1128 2564 niensi
1148 2514 1231 2564 tertia
1252 2513 1288 2576 (a.
1302 2511 1384 2578 1800.)
1407 2511 1508 2579 legitur
1531 2513 1585 2564 vol.
1602 2515 1627 2565 8.
1646 2530 1674 2578 p.
1691 2513 1862 2567 III-LXX.

181 2581 348 2631 habeant—
362 2597 424 2632 nam
437 2581 580 2648 biographi
594 2581 693 2632 Graeci
708 2587 817 2633 veteres
833 2581 1010 2632 mendacissi-
1038 2585 1065 2630 et
1086 2581 1258 2633 Godot'redus
1280 2580 1474 2645 Bernhardyus
1493 2581 1629 2644 instituit,
1654 2582 1701 2646 qui
1722 2581 1864 2632 historiam
1964 2603 1967 2612 ν

181 2663 255 2699 mum
268 2649 379 2700 suerunt
391 2665 478 2715 genus
489 2650 639 2712 hominum,
658 2649 691 2699 de
705 2665 757 2714 quo
770 2650 827 2700 dixi
842 2651 868 2700 in
883 2649 1010 2714 Prolego-
1038 2650 1196 2715 tragoediae
1211 2649 1420 2714 comoediaeque
1434 2648 1560 2700 Graecae
1577 2648 1686 2699 doctina
1705 2654 1733 2699 et
1747 2650 1864 2715 pruden-

182 2718 271 2766 menis
289 2717 324 2767 ad
337 2717 530 2769 Demosthenis
548 2717 695 2768 editionem
712 2717 883 2782 Lipsiensem
900 2717 1009 2768 tertiam
1038 2718 1093 2768 tius
1105 2733 1185 2783 quam
1197 2717 1246 2768 alii
1257 2716 1336 2766 multi
1349 2719 1489 2768 enarravit
1500 2717 1529 2766 in
1542 2717 1683 2768 Historiae
1696 2718 1863 2770 Graecorum

181 2783 311 2849 (ιι.18ὐο.)
323 2785 376 2836 ναί.
388 2789 410 2836 1.
420 2785 562 2851 puxvn.
572 2811 604 2822 ·-
615 2791 716 2850 tamen,
728 2801 808 2851 quum
819 2786 936 2853 plurima
945 2801 1008 2836 con·
1037 2785 1178 2836 literariae
1190 2785 1337 2838 voluminis
1349 2784 1463 2836 secundi
1476 2789 1554 2852 parte
1567 2784 1662 2838 altera.

886 3005 1154 3018 ...aa—u*-

605 3179 642 3277 Ι.
710 3180 918 3277 ΒΙΟΣ
971 3174 1443 3275 ΑΙΣΧΥΛΟΥ.

217 3378 517 3447 Αίσχύλοςὸτραγικδς
525 3380 600 3445 γένει
610 3379 661 3446 μέν
671 3379 747 3434 ἐστιν
756 3382 909 3449 Ἀθηναίας,
922 3382 1010 3436 Ἐλευ·
1036 3394 1067 3432 τε
1083 3379 1138 3444 τὴν
1155 3377 1268 3444 ποίησιν
1285 3376 1330 3428 καί
1346 3377 1401 3440 τὴν
1418 3375 1540 3430 διάθεσιν
1557 3377 1608 3443 τῆς
1624 3379 1744 3444 σκηνῆς,
1761 3376 1817 3442 τήν
1832 3392 1863 3431 τε

183 3455 270 3520 σίνιος
280 3461 342 3510 τῶν
353 3457 465 3522 δήμων,
479 3455 540 3520 υίὸς
552 3456 743 3524 Εὐφορίωνος,
755 3457 920 3525 Κυνεγείρου
933 3457 1011 3512 ἀδελ·
1038 3455 1224 3522 λαμπρότητα
1239 3455 1290 3520 τῆς
1307 3451 1452 3519 λθβηῐῖας,
1472 3454 1518 3506 καί
1533 3454 1586 3518 Τὴν
1598 3454 1703 3520 σκευὴν
1718 3457 1778 3505 τῶν
1796 3455 1864 3508 ὕπο·

183 3533 252 3598 φδς,
269 3531 296 3586 ἐξ
314 3531 490 3601 εὐπατριδῶν
507 3535 561 3600 τὴν
577 3534 672 3599 φύσιν.
701 3534 765 3597 νέος
785 3535 816 3587 δὲ
831 3536 935 3600 ἤρξατο
951 3539 1010 3590 τῶν
1037 3533 1150 3597 κριτῶν,
1166 3530 1222 3596 τήν
1233 3544 1265 3582 τε
1276 3530 1328 3581 7θῦ
1341 3531 1426 3595 10000
1438 3529 1611 3594 σεμνότητα,
1630 3528 1669 3591 ας
1681 3529 1726 3582 καὶ
1740 3527 1864 3596 'Athmo-

154 3624 168 3664 s
182 3610 364 3678 τραγῳδιῶν,
382 3612 428 3664 καί
444 3611 518 3664 πολὺ
533 3611 601 3674 τούς
618 3612 674 3678 πρὸ
687 3611 788 3666 ἑαυτοῦ
800 3612 923 3680 ὑπερῆρε
940 3613 1011 3668 κατά
1036 3607 1128 3673 φάνης
1149 3607 1244 3674 (3271)·
1262 3604 1349 3670 1004)
1370 3605 1453 3658 “αλλ’
1474 3605 1497 3658 α’
1516 3608 1629 3671 πρῶτος
1644 3608 1704 3657 τῶν
1721 3605 1864 3672 Ἑλλήνων

1037 3681 1189 3749 πυργώσας
1205 3681 1317 3747 ῥήματα
1329 3681 1418 3746 σεμνὰ
1437 3680 1442 3750 Ι
1461 3681 1507 3734 καί
1518 3680 1662 3747 κοσμήσας
1673 3682 1806 3748 τραγικὸν
1818 3685 1863 3749 λη·
1877 3701 1901 3740 10

184 3802 1010 3940 ...λιιιικκκιικικκκινιλιι
1036 3756 1863 3902 00ίύὐύῶύιωιιικκηη

183 3937 291 4004 σχύλοιι
303 3945 466 3991 memoratus
478 3941 512 3992 ab
525 3941 666 3993 Athenaeo
678 3944 702 3996 9.
714 3958 739 4007 ρ.
748 3943 798 3992 375
809 3942 827 3990 f.
841 3944 880 3992 10.
893 3957 917 4007 p.
930 3943 980 3993 428
989 3941 1008 3990 ί.
1036 3913 1066 3965 ἐν
1083 3913 1238 4004 Μαραθῶῖῑ
1256 3910 1344 3977 μάχης
1361 3910 1415 3964 σὺν
1432 3915 1474 4004 ταῖ
1492 3910 1606 3980 ἀδελφῷ
1626 3910 1794 4006 Κυνεγείὲψ·
1812 3916 1864 3979 τας

184 4007 228 4071 (et
240 4008 339 4058 omisso
355 4007 390 4058 ab
403 4010 538 4073 epitomae
551 4014 664 4061 auctore
681 4010 763 4060 titulo
776 4009 840 4060 libri
854 4013 875 4062 1.
889 4026 915 4076 p.
927 4013 958 4060 21
972 4005 1008 4074 ὁ.)
1036 3989 1110 4081 “fl
1123 3989 1257 4053 {clepus
1272 3987 1425 4052 ναυμαχίας
1441 4001 1495 4040 ααν
1506 3991 1549 4056 τῷ
1560 3987 1699 4082 proserp
1712 4004 1772 4043 αα]
1784 3988 1863 4042 ααῑλ·

184 4075 410 4140 quemadmodum
420 4076 492 4128 idem
503 4077 688 4144 deThespide,
701 4077 829 4142 Pindaro,
838 4081 1009 4129 Anacreonte
1037 4081 1103 4132 qu
1116 4062 1251 4131 Ἀμεινίαι
1268 4064 1314 4116 καὶ
1325 4067 1376 4130 Til<
1389 4061 1420 4117 tv
1431 4063 1586 4128 Πλαταίῦῑς
1599 4065 1774 4132 ariopagus.
1792 4067 1864 4118 Κατὰ
1876 4073 1901 4115 1⁵

182 4143 302 4208 aliisque
316 4144 407 4210 poetis
420 4145 543 4210 scripsit:
564 4161 589 4196 ν.
603 4145 722 4197 Clinton.
736 4147 815 4200 Faat.
830 4145 903 4196 Hell.
916 4144 970 4196 rol.
984 4148 1008 4198 3.
1038 4171 1189 4180 -—--
1268 4173 1272 4184 ·

183 4227 211 4276 p.
223 4213 282 4264 477.
316 4211 374 4262 Nec
392 4211 569 4263 dubitandum
587 4215 653 4279 quin
669 4213 742 4263 idem
754 4219 944 4279 argumentum
955 4218 1011 4264 tra·
1037 4219 1098 4270 nias
1112 4223 1140 4281 1,
1153 4221 1203 4280 21,
1216 4219 1240 4268 2.
1260 4217 1305 4268 cui
1322 4216 1434 4269 tabulae
1451 4217 1541 4270 simile
1558 4223 1601 4270 est
1616 4219 1688 4284 quod
1700 4217 1863 4284 Aeschylum

184 4279 326 4330 ctaverint
342 4295 412 4330 unus
423 4280 548 4346 alterque
565 4282 800 4348 grammaticorum
811 4280 1010 4332 Alexandrino·
1038 4285 1145 4337 fabulas
1159 4289 1289 4352 appotum
1306 4285 1450 4352 scripsisse
1468 4286 1642 4337 crediderunt
1653 4285 1811 4338 Athenaeus
1825 4291 1863 4340 10.

184 4363 253 4398 rum.
275 4347 438 4399 Huiusmodi
451 4365 484 4400 ex
497 4349 620 4400 fontibus
632 4349 758 4401 derivata
771 4354 834 4400 sunt
846 4350 940 4400 tenuia
952 4349 1011 4414 qui·
1037 4354 1142 4420 p.428f.
1160 4353 1367 4405 Chamaeleonti
1377 4351 1456 4404 tidem
1465 4353 1579 4418 babens,
1592 4355 1665 4406 Plut.
1675 4353 1744 4406 Mor.
1753 4358 1863 4421 pilis.

183 4417 238 4467 bus
250 4414 328 4466 hodie
341 4417 443 4468 utimur
453 4416 486 4468 de
498 4418 557 4468 vita
569 4417 697 4481 Aeschyli
714 4422 857 4483 excerpta,
875 4432 946 4483 quae
962 4419 1011 4467 uni
1038 4429 1066 4473 et
1078 4422 1220 4474 Lucienus
1232 4421 1372 4472 Demostb.
1385 4437 1442 4474 ena
1456 4439 1478 4474 c.
1489 4425 1529 4474 lb.

185 4483 317 4535 debemus
337 4483 425 4536 codici
444 4485 571 4537 Medicco
584 4483 657 4550 (m),
680 4501 714 4536 ex
734 4501 787 4552 qno
807 4487 835 4536 in
853 4486 1011 4552 apographa
1073 4490 1177 4554 11.τὴν
1189 4481 1240 4554 ξγΊ
1255 4489 1412 4555 Legebatur
1423 4489 1477 4555 τήν
1490 4485 1523 4553 μ’.
1548 4489 1673 4542 Correxit
1685 4487 1864 4544 Ossaubonus

184 4551 483 4618 plurimatransierant
498 4553 729 4605 nonsinemultis
743 4554 925 4616 librariorum,
944 4568 1011 4604 non·
1039 4559 1073 4608 de
1090 4563 1173 4623 satyr.
1192 4556 1269 4622 poesi
1287 4561 1315 4620 1,
1332 4559 1356 4608 5.
1460 4562 1501 4610 13.
1519 4556 1572 4610 σύν
1588 4560 1629 4622 τῷ
1648 4555 1763 4625 ἀδελφῷ
1781 4558 1863 4611 Κυνε-

184 4619 270 4670 ιιιιίίίε
283 4621 368 4670 etiam
380 4626 561 4673 correctorum
574 4621 722 4674 erroribus:
738 4617 849 4687 qnorum
861 4621 1010 4686 interpola·
1037 4622 1137 4745 γείριμ]
1149 4625 1226 4676 Idem
1237 4625 1324 4676 tradit
1335 4625 1451 4676 Photius
1463 4627 1530 4676 Lex.
1543 4642 1568 4691 p.
1576 4627 1634 4688 246,
1645 4627 1685 4677 23.
1698 4621 1863 4691 εὐδοκίμησε

183 4687 277 4738 tiones
289 4702 372 4754 saepe
390 4689 481 4740 fraudi
494 4689 605 4742 fuerunt
617 4691 685 4741 viris
698 4689 787 4740 doctis
800 4690 845 4755 qni
861 4690 955 4740 horum
967 4705 1012 4740 ex·
1038 4693 1113 4757 γὰρ(
1140 4690 1261 4758 ίσχύλος)
1278 4692 1308 4744 ἐν
1324 4695 1367 4758 τῷ
1381 4691 1535 4758 Μαραθῶνι
1550 4692 1604 4745 σύν
1621 4695 1663 4757 τῷ
1681 4691 1796 4759 ἀδελφῷ
1814 4694 1864 4747 Κυ-

184 4761 340 4820 cerptornm
353 4757 519 4808 auctoritate
529 4759 572 4810 usi
582 4756 654 4809 eunti
700 4760 723 4809 3.
736 4756 789 4808 τὸν
797 4755 887 4821 δῆμον
900 4772 1012 4822 apogra·
1038 4758 1168 4825 ναιγείρψ
1182 4760 1262 4827 (corr.
1277 4758 1456 4826 Κυνεγείρῳ).
1560 4763 1599 4812 14.
1617 4760 1762 4828 Σαλαμῖνι]
1775 4762 1865 4814 Huius

185 4821 251 4890 pha.
290 4821 481 4890 Εὐφορίωνος]
495 4821 845 4890 Αίσχύλοςὸξύφορίωνος
858 4825 1013 4943 appellatur
1038 4830 1120 4880 testis
1142 4834 1183 4881 est
1203 4830 1253 4881 Ion
1270 4835 1435 4880 memoratus
1455 4833 1482 4879 in
1501 4828 1606 4880 scholio
1627 4831 1699 4895 qnod
1718 4847 1752 4881 ex
1769 4830 1864 4882 codice

185 4891 222 4942 ab
236 4891 375 4943 Herodoto
385 4895 409 4956 2,
421 4895 476 4944 lob.
488 4893 627 4944 Pausania
636 4895 738 4957 2,24,4.
751 4895 855 4957 8,37,0.
893 4893 1011 4945 lementa
1038 4897 1162 4948 blediceo
1181 4912 1250 4948 ame
1262 4898 1349 4962 primo
1364 4896 1468 4949 editum
1484 4901 1527 4948 eet
1544 4897 1579 4946 ad
1590 4895 1667 4948 Pers.
1680 4901 1739 4949 429.
1755 4897 1820 4950 Ἴων
1833 4896 1864 4949 ἐν

184 4957 263 5010 Alex.
282 4975 307 5024 p.
323 4961 380 5010 717.
481 4960 642 5026 κυνεγείρου
661 4969 689 5012 et
711 4961 786 5011 infra
803 4959 954 5028 κυνεγείρῳ
975 4963 1011 5016 Μ.
1039 4968 1099 5026 ταῖς
1111 4961 1278 5029 Ἐπιδημίαις
1290 4967 1419 5028 παρεῖναι
1430 4961 1571 5027 Αίσχύλον
1587 4961 1618 5016 ἐν
1630 4968 1690 5028 τοῖς
1702 4965 1863 5029 Σαλαμινία.

185 5024 360 5092 κυναιγείρου
373 5033 402 5079 et
413 5027 577 5096 κυναιγείρῳ
591 5029 749 5095 apographa
762 5028 900 5095 pleraque.
923 5031 1011 5081 Recta
1025 5015 1028 5064 l
1040 5037 1098 5095 κοῖς
1111 5029 1189 5097 φησί.
1290 5030 1427 5098 νεωτάτῳ
1444 5034 1503 5083 τῶν
1521 5029 1654 5096 ἀδελφῶν
1671 5031 1707 5083 Μ.
1731 5032 1864 5100 νεωτέρῳ

185 5095 306 5146 nominis
318 5095 353 5146 ab
366 5094 443 5147 κύων
456 5102 484 5148 et
495 5095 594 5162 ὲγείρω
612 5097 722 5148 formati
739 5099 876 5163 scriptura
889 5095 1010 5160 Κυνέγει·
1040 5100 1154 5166 ἀδελφῷ
1167 5101 1335 5168 apographa.
1438 5103 1477 5152 15.
1491 5097 1625 5166 Ἀμεινίᾳ]
1643 5103 1724 5155 Hunc
1736 5101 1866 5165 Aeschyli

184 5176 236 5228 ρος
248 5168 300 5227 est,
313 5179 367 5230 qua
378 5165 421 5216 usi
434 5169 498 5215 sunt
511 5166 655 5217 Cornelius
667 5167 695 5215 in
707 5164 873 5230 Anthologia
885 5165 977 5216 Palat.
989 5168 1014 5230 7,
1041 5171 1154 5222 fratrem
1171 5169 1207 5219 ad
1224 5169 1389 5220 Salaminem
1405 5183 1542 5234 pugnasse
1559 5169 1664 5236 pariter
1676 5170 1788 5221 tradunt
1800 5170 1865 5220 Dio-

186 5233 247 5282 117.
262 5237 289 5282 et
298 5231 401 5283 Paulus
414 5232 589 5284 silentiarius
597 5233 665 5287 ibid.
677 5235 733 5284 118.
758 5231 863 5284 Eadem
872 5233 1014 5286 Herodoto
1042 5238 1124 5288 dorus
1138 5240 1177 5296 11,
1190 5239 1231 5288 27.
1245 5241 1272 5288 et
1284 5236 1416 5289 Aelianus
1430 5237 1461 5286 V.
1474 5237 1508 5288 H.
1522 5239 1550 5296 δ,
1564 5239 1617 5289 lu:
1635 5251 1730 5290 verum
1741 5238 1865 5289 Herodo-

186 5301 284 5358 0114.
304 5299 418 5366 aliisque
439 5302 632 5366 scriptoribus,
651 5317 718 5368 quos
735 5302 882 5352 memoravi
899 5302 927 5352 in
943 5302 1011 5352 The·
1040 5312 1098 5366 tus,
1118 5306 1198 5357 testis
1209 5303 1294 5356 multo
1308 5321 1388 5372 quam
1399 5304 1441 5356 illi
1454 5305 1571 5370 gravior,
1588 5307 1618 5370 8,
1631 5307 1672 5360 84.
1687 5310 1716 5356 et
1728 5309 1769 5359 93.
1793 5305 1866 5356 Ami·

185 5383 269 5419 sauro
281 5366 367 5422 volt.
381 5385 407 5434 p.
419 5369 494 5420 2110.
508 5369 688 5434 restituenda,
701 5385 812 5436 quorum
824 5369 930 5420 codices
942 5369 1015 5420 inter
1041 5374 1113 5424 niam
1134 5372 1206 5424 hunc
1224 5372 1415 5424 Pallenensem
1431 5371 1513 5435 dicit,
1535 5372 1611 5423 nulla
1630 5373 1707 5424 facta
1727 5373 1865 5439 Aeschyli.

184 5441 331 5501 utramque
344 5437 504 5502 scripturam
516 5437 658 5489 fluctuant.
725 5433 859 5502 ἀδελφὸς]
873 5435 918 5488 καί
929 5435 1014 5501 Ἀμει-
1043 5443 1089 5507 qui
1109 5441 1268 5493 Eleusinios
1289 5442 1355 5504 fuit,
1376 5441 1523 5492 mentione.
1559 5441 1601 5492 Ex
1623 5455 1675 5507 quo
1692 5441 1866 5492 Hermannua

184 5499 249 5554 vlou
263 5503 366 5554 addunt
380 5505 539 5572 apographa
555 5505 699 5572 pleraque:
718 5505 789 5570 qnod
806 5506 1015 5571 interpolatore
1041 5509 1142 5575 Opusc.
1155 5509 1209 5561 vol.
1220 5512 1244 5560 2.
1257 5525 1283 5576 p.
1293 5510 1348 5558 110.
1361 5522 1415 5559 non
1428 5509 1487 5560 sine
1499 5510 1558 5560 veri
1570 5510 1658 5576 specie
1672 5509 1784 5574 collegit
1794 5511 1865 5560 Ami·

185 5571 248 5622 loco
259 5571 390 5623 interiore
403 5570 491 5636 (uro.)
503 5574 650 5640 supplevit.
684 5576 709 5625 4.
722 5571 786 5636 νέος
797 5571 828 5624 δὲ
840 5574 944 5638 ἤρξατο
955 5575 1015 5625 τῶν
1042 5579 1113 5628 niam
1133 5578 1210 5630 illum
1226 5593 1276 5645 per
1292 5591 1410 5628 errorem
1426 5593 1475 5643 pro
1494 5577 1579 5628 fratre
1596 5576 1726 5643 Aeschyli
1743 5577 1866 5629 hobitum

185 5638 365 5706 τραγῳδιῶν]
383 5641 553 5707 Aeschylum
572 5642 774 5695 adolescentem
795 5643 830 5693 ab
843 5641 966 5707 Dionyso
986 5644 1015 5693 in
1041 5659 1111 5698 esse.
1214 5641 1380 5708 πεζομαχίας
1401 5645 1562 5714 apographa
1583 5645 1724 5716 pleraque.
1763 5659 1865 5710 ναυμα-

187 5709 290 5762 somnis
301 5709 405 5760 iussum
422 5723 482 5762 esse
495 5709 655 5777 tragoedias
670 5711 788 5763 scribere
806 5714 901 5761 namet
912 5709 1014 5762 Pausa·
1041 5711 1101 5778 χίας
1118 5713 1154 5764 Μ.

238 5812 451 5848 raonaoorrsss.
1648 5797 1663 5854 1
