4372 6614
299 577 363 630 xlv
726 587 730 596 “
1028 577 1281 636 PRAEFATIO.

299 730 408 785 Heracl.
428 737 496 798 634..
514 731 680 800 praestabat
697 734 798 797 δεθεὶς,
818 730 892 799 quod
909 731 1050 786 Nauckius
1068 731 1131 786 con‘-
1161 734 1315 799 σχυνάδου,
1347 733 1381 787 dc
1410 749 1465 802 quo
1494 749 1582 804 nuper
1609 733 1712 788 iterum
1740 731 1811 786 dixit
1836 729 1865 785 in
1893 732 1998 786 Herma

299 815 372 870 iecit.
1161 815 1333 872 Berolineusi
1351 825 1374 872 3.
1391 836 1419 887 p.
1438 824 1494 872 162.
1519 818 1622 872 collata
1639 817 1675 886 gl.
1694 816 1785 886 Etym.
1802 816 1838 870 M.
1861 835 1888 886 p.
1908 822 1953 882 40,
1974 821 1997 870 7.

349 901 417 967 Pag.
436 905 494 954 360.
511 919 535 954 v.
557 907 598 954 39.
620 902 705 969 ΑΕΡ.]
728 901 839 968 Corripe
857 900 931 954 θΕΡ,
1162 901 1299 967 Αἰσχύλος
1316 904 1332 956 ό
1350 905 1469 970 ποιητὴς
1486 904 1503 956 ό
1519 903 1740 971 τραγῳδοποιός.
1764 903 1840 968 παρὰ
1857 903 1890 954 τό
1908 902 1997 968 (παρὰ

351 983 578 1051 HenriciWeilii,
597 984 644 1052 qui
662 983 889 1054 septemfabulas
900 983 1040 1054 Euripidis
1054 983 1132 1053 (Hip-
1161 987 1196 1038 τό
1221 999 1274 1038 om.
1304 986 1390 1041 codex
1415 985 1517 1053 Oxou.)
1546 988 1644 1052 αἰσχος
1672 987 1822 1052 αἰσχύλος,
1855 987 1893 1049 ιύς
1917 987 1998 1050 σιμός

299 1069 438 1138 polytum,
457 1067 599 1135 Medeam,
617 1069 773 1132 Hecubam,
791 1067 965 1137 Iphigeniam
978 1070 1133 1137 utramque,
1162 1071 1291 1136 σιμύλος,
1315 1073 1386 1139 παρ’
1408 1071 1423 1125 ὃ
1445 1072 1576 1139 Αἰσχίνης
1599 1073 1742 1139 (Αἰσχρων
1766 1069 1846 1124 addit
1865 1068 1927 1136 Va.)
1950 1069 1996 1124 Αἰ-

299 1155 451 1218 Electram,
470 1153 607 1216 Orestem)
627 1151 740 1206 Parisiis
753 1151 841 1206 edidit
854 1169 877 1206 a.
894 1157 979 1218 1867,
998 1170 1053 1220 quo
1066 1156 1133 1207 tem-
1162 1155 1305 1222 σχινόιόης,
1329 1157 1405 1223 παρὰ
1425 1157 1460 1210 τό
1483 1157 1555 1210 εἰναι
1576 1156 1722 1223 αἰδήμονα.
1751 1154 1882 1222 Αἰσχίνης
1905 1153 1998 1219 Αἰσχί-

297 1255 366 1307 pore
385 1237 514 1292 editionis
531 1253 610 1291 meae
628 1253 693 1306 pars
706 1235 828 1290 maxima
844 1237 901 1290 iam
915 1237 1132 1306 impressacrat‚
1162 1256 1220 1292 νου.
1255 1239 1303 1292 ubi
1325 1241 1390 1310 post
1412 1256 1470 1298 νοα,
1494 1241 1610 1307 σιμύλος
1632 1239 1723 1307 Etym.
1746 1238 1816 1292 Gud.
1838 1257 1866 1308 p.
1890 1244 1934 1302 22,
1953 1243 1995 1292 66.

197 1351 206 1357 -
299 1323 471 1377 coniecturas
489 1321 648 1392 probabiles
666 1321 760 1390 plures
777 1321 929 1375 memoravi
947 1322 1021 1391 apud
1039 1321 1133 1376 Fleck-
1161 1321 1200 1376 sic
1217 1321 1319 1391 pergit,
1339 1328 1384 1378 καί
1401 1326 1468 1392 παρ’
1480 1325 1616 1391 αἰσχύνης
1633 1323 1801 1390 αἰσχυνάόης
1819 1325 1893 1390 παρὰ
1909 1324 1943 1376 τό
1958 1325 1997 1376 εἰ-

299 1405 420 1460 eisenum
439 1425 466 1476 p.
486 1413 636 1466 403—411.
659 1407 733 1460 iuter
751 1423 820 1472 quas
837 1423 894 1460 uua
916 1407 958 1460 est
979 1406 1134 1461 certissima
1161 1423 1207 1460 ναι
1219 1407 1366 1474 αἰόὴμονα,
1381 1424 1453 1475 quae
1466 1407 1618 1463 Meinelrius
1630 1408 1668 1461 sic
1680 1406 1803 1476 corrigit,
1816 1411 1860 1462 καί
1874 1409 1949 1474 παρὰ
1961 1410 1997 1460 τό

298 1491 333 1544 de
351 1491 442 1560 lpbig.
456 1491 486 1544 T.
502 1498 541 1544 36.
561 1492 628 1545 ὅθεν
641 1493 749 1558 νόμοισι
762 1496 852 1545 τοῖσιν
870 1490 919 1556 (sic
931 1491 1016 1544 Flos:
1035 1494 1134 1546 τοῖσιδ’
1161 1492 1279 1559 αἰσχύνη
1291 1493 1472 1560 Αἰσχυνὰόης,
1485 1493 1562 1547 etad
1575 1509 1684 1547 versum
1696 1491 1890 1561 Aristophanis
1902 1493 1997 1548 refert.

298 1575 385 1629 Pelet.
404 1577 472 1636 287.)
490 1576 585 1642 ἣδεται
604 1576 655 1629 θεὰ
670 1577 674 1642 1
690 1575 821 1642 Ἄρτεμις
838 1577 950 1642 ἑορτῆς,
970 1576 1018 1630 ubi
1037 1579 1132 1643 Ἀρτε·
1212 1576 1278 1645 Pag.
1301 1582 1357 1631 106.
1379 1577 1408 1631 iu
1427 1580 1520 1632 annot.
1544 1578 1655 1632 101277.
1677 1576 1724 1629 liu.
1742 1583 1759 1630 4
1782 1593 1800 1634 a
1820 1577 1887 1642 fine,
1911 1576 1995 1644 suud]

299 1677 342 1725 μις
355 1675 388 1713 ex
401 1660 566 1728 glossemate
578 1659 696 1724 illatum,
713 1657 875 1726 Euripidem
888 1659 981 1712 autem
994 1663 1134 1727 χρώμεσθ
1164 1662 1274 1730 Corripe
1286 1667 1350 1715 sunt
1386 1669 1440 1718 137.
1454 1662 1591 1718 Numerus
1603 1677 1697 1715 versus
1710 1667 1750 1715 19.
1759 1660 1908 1715 mutandus
1916 1661 1944 1713 iu
1955 1667 1998 1718 24.

298 1744 438 1813 scripsisse
450 1743 526 1801 vidit,
557 1742 658 1798 Verbis
671 1733 780 1810 νόμοισι
794 1745 925 1810 χρώμεθα
938 1743 1130 1814 ut'turEurip.
1211 1746 1279 1814 Pag.
1301 1753 1355 1800 181.
1379 1764 1404 1800 ν.
1427 1752 1498 1800 1368.
1523 1749 1650 1814 ὤνασθε]
1675 1745 1858 1800 Scribcudum
1882 1748 1998 1812 ιίινησθε

298 1829 396 1898 fragm.
415 1833 472 1884 393.
1162 1847 1223 1883 curu
1251 1829 1283 1884 L.
1305 1830 1447 1884 Diudorfio
1476 1831 1504 1883 iu
1527 1831 1608 1886 Thes.
1631 1830 1684 1883 vol.
1708 1837 1730 1884 5,
1761 1848 1788 1899 p.
1813 1835 1887 1884 2020.
1916 1832 1945 1883 et
1967 1827 1998 1881 in

349 1912 393 1972 IV,
423 1911 709 1968 ARISTOPHANES.
744 1911 810 1980 Peg.
830 1918 853 1964 2.
876 1911 903 1964 in
927 1915 1019 1967 annot.
1042 1914 1133 1984 prima
1163 1914 1335 1969 Pleckeiseui
1355 1915 1451 1969 Annal.
1471 1932 1495 1968 a.
1517 1921 1590 1970 1869.
1607 1933 1634 1984 p.
1656 1921 1695 1968 12.

298 1997 343 2050 liu.
361 2005 386 2056 4,
404 1997 562 2052 Marcianus
581 1999 650 2065 374.]
674 1997 786 2064 Corripe
799 1996 955 2072 Marcianus
973 2005 1031 2053 171.
1211 1998 1279 2068 Peg.
1295 2007 1351 2054 191.
1370 1999 1570 2068 Fragmentum
1583 2007 1624 2054 92.
1638 1998 1753 2054 affertur
1765 1997 1850 2052 etiam
1862 1997 1889 2050 in
1902 1997 1997 2066 Etym.

346 2082 413 2151 Pag.
441 2089 480 2136 11.
507 2082 536 2134 iu
560 2084 654 2136 annot.
678 2086 736 2135 986.
759 2083 827 2150 θιὼ]
854 2081 965 2151 Corripe
988 2089 1045 2138 906.
1071 2087 1130 2138 θιὼ.
1161 2083 1232 2138 Flor.
1251 2099 1295 2153 ap.
1315 2083 1454 2138 Millerum
1472 2101 1499 2151 p.
1519 2089 1577 2138 301.

206 2231 210 2240 Ι
348 2167 415 2235 Peg.
437 2173 474 2222 13.
492 2166 522 2218 iu
540 2167 633 2219 annot.
658 2165 737 2220 adv.
758 2171 829 2220 1106.
848 2167 994 2235 ύπὲλευσ]
1022 2167 1133 2238 Corripe
1212 2167 1280 2236 Pag.
1300 2175 1356 2222 194.
1383 2167 1494 2236 Fragm.
1517 2174 1571 2222 121.
1590 2169 1677 2222 verba
1694 2165 1801 2236 aliquot
1817 2167 1904 2221 habet
1919 2165 1998 2220 idern

296 2253 420 2306 dudluc'.
1159 2270 1186 2321 p.
1205 2259 1262 2306 306,

345 2337 412 2405 Pag.
431 2341 471 2390 22.
492 2353 516 2388 ν.
539 2339 595 2388 618.
615 2337 816 2403 ποιησόμενος]
837 2337 1043 2402 ποιησαμένου(1
1055 2337 1130 2391 Reis-
1210 2337 1278 2405 Pag.
1296 2325 1353 2390 201.
1373 2336 1451 2390 Adde
1478 2338 1578 2404 fragm.
1597 2337 1683 2391 2761).
1702 2353 1735 2390 ex
1753 2336 1843 2405 Etym.
1867 2335 1937 2390 llor.
1957 2335 1996 2390 ib.

294 2421 365 2475 kius.
1160 2439 1186 2492 p.
1207 2427 1264 2475 210.
1286 2423 1492 2490 Ἀριστοφάνης
1512 2423 1604 2488 Νιόβῳ

348 2507 415 2574 Pag.
434 2511 474 2558 21.
494 2524 519 2559 ν.
539 2511 598 2562 872.
617 2507 747 2572 ἐμβόόοιν
765 2504 863 2574 scripsi
881 2523 934 2574 prn
952 2507 1089 2572 ἐμβάδων.
1228 2508 1306 2560 ἔστιν
1323 2507 1375 2573 γὰρ
1394 2507 1460 2570 ἡμῖν
1478 2512 1538 2570 τοῖς
1556 2507 1633 2560 κάτω
1653 2501 1723 2572 πρὸς
1741 2507 1809 2570 τούς
1827 2507 1886 2559 ᾰνιιι

347 2591 416 2658 Peg.
436 2597 475 2643 23.
495 2609 520 2642 v.
540 2594 598 2644 969.
617 2591 709 2644 διώξει
727 2588 873 2642 Elmslcius
890 2605 943 2659 pro
960 2593 1074 2656 διώξεις.
1227 2592 1284 2644 ἀπὸ
1303 2593 1454 2657 συμβόλων
1473 2594 1518 2645 καί
1537 2599 1592 2658 μην
1610 2591 1625 2644 ό
1646 2592 1875 2657 Μαιμακτηριὼν,

346 2675 413 2743 Peg.
434 2680 474 2728 29.
495 2693 518 2728 ν.
536 2680 606 2728 1362.
622 2679 901 2741 καταμισθοφορῆσαι
913 2678 1001 2740 τοῦθ’,
1016 2677 1043 2743 ό]
1059 2665 1146 2752 θοαί-χ
1226 2676 1257 2728 ἑν
1276 2677 1299 2743 ᾧ
1318 2682 1455 2742 ποιοῦμεν
1472 2679 1523 2740 τὰς
1541 2675 1618 2739 όίκας
1637 2676 1681 2728 καί
1699 2677 1750 2738 τὰς
1768 2675 1887 2742 γραφάς.

296 2761 379 2828 ptura
396 2759 567 2828 interpolata
585 2757 687 2812 codicis
705 2758 790 2813 Paris.
809 2764 884 2812 2712.
903 2764 1018 2812 τούτων
1036 2760 1095 2827 (sic)
1115 2763 1130 2814 ό
1208 2759 1277 2827 Peg.
1297 2765 1353 2812 211.
1381 2759 1491 2828 Fragm.
1510 2765 1567 2815 366.
1591 2777 1624 2814 ex
1646 2757 1746 2812 Photio
1769 2759 1884 2814 allatum
1907 2758 2000 2814 babet

294 2843 361 2900 Iter.
386 2849 492 2897 τοῦτον
511 2845 526 2896 ό
544 2842 613 2898 Ven.
632 2849 720 2897 rotro
738 2846 764 2897 θ’
782 2841 839 2896 alii.
864 2849 1129 2913 καταμισθοφορεῑν,
1158 2843 1244 2898 ctiam
1265 2843 1355 2912 Etym.
1379 2843 1453 2901 Flor.
1476 2861 1520 2914 ap.
1545 2843 1643 2898 Miller.
1666 2861 1693 2912 p.
1716 2849 1770 2897 125.
1795 2843 1837 2897 cui
1860 2842 1936 2898 aliud
1960 2859 1996 2897 cx

296 2929 410 2981 τούτοιν
428 2929 445 2981 ό
462 2927 617 2982 Elmslsius.
1143 2912 1256 2984 icadem
1273 2931 1420 2984 Ὁλκάόιυν
1438 2928 1535 2984 fabula
1552 2928 1686 2982 debemus
1699 2927 1773 2995 quod
1790 2944 1817 2997 p.
1831 2933 1888 2982 226.
1901 2927 1997 2992 affert,

346 3010 415 3066 lbid.
433 3030 457 3064 ν.
478 3016 551 3066 1369.
583 3011 661 3076 Quod
681 3011 856 3066 Thierschius
874 3012 993 3066 coniecit
1012 3014 1145 3081 όιιΑἰτηςΙ
1225 3016 1319 3080 βαβαί,
1338 3014 1453 3080 Λύκων,
1473 3015 1511 3077 ur
1530 3014 1702 3080 ἀμφοτέρων
1720 3015 1800 3078 ὑμῶν
1818 3015 1884 3081 πρὶν
1901 3014 1939 3078 ἢν

294 3099 357 3164 (pro
377 3099 392 3149 ό
411 3097 539 3164 norunt)
559 3099 602 3151 est
619 3096 648 3150 iu
667 3095 727 3150 cod.
746 3095 867 3164 Veneto,
891 3098 921 3149 ut
938 3098 1058 3151 testatur
1076 3097 1146 3151 Adi
1224 3099 1260 3151 τὰ
1278 3099 1419 3165 πράγματ’
1436 3098 1576 3165 οἰσυπηρὰ
1594 3099 1639 3152 καί
1658 3099 1848 3164 βαρύσταθμα.

295 3179 328 3232 de
346 3179 457 3234 Vclscn.
1143 3181 1252 3247 ¹(lodex
1271 3184 1449 3249 βαβελάκων,
1468 3181 1543 3249 quod
1561 3181 1681 3236 correxit
1698 3179 1834 3247 Millerus,
1852 3184 1881 3236 et
1898 3183 1997 3250 πρινή,

344 3265 412 3333 Pag.
431 3271 471 3318 66.
496 3264 524 3317 in
543 3266 636 3319 annot.
658 3283 682 3319 a.
700 3265 745 3322 lin.
765 3273 787 3319 1.
807 3267 887 3335 lter]
910 3265 1020 3335 Corripe
1037 3265 1107 3320 Rau.
1157 3265 1229 3335 quod
1250 3283 1302 3334 ego
1321 3265 1434 3321 correxi.

345 3347 412 3418 Pag.
434 3355 473 3402 79.
504 3350 583 3403 Pacis
607 3369 631 3404 ν,
653 3357 724 3403 1131.
753 3350 931 3418 Αἰσχινάδου]
954 3351 1041 3404 Recto
1063 3349 1143 3403 Mei-1
1206 3351 1274 3420 Pag.
1294 3356 1350 3406 232.
1380 3350 1491 3419 Fragm.
1512 3357 1569 3406 736.
1600 3350 1647 3406 liu.
1665 3359 1689 3406 6.
1712 3353 1742 3406 ἑκ
1764 3353 1828 3421 τοῦ]
1853 3352 1939 3406 Recte
1963 3353 1997 3406 ἑκ

295 3432 392 3487 belrius
417 3432 492 3488 Com.
524 3433 575 3487 vol.
599 3441 623 3488 4.
648 3453 676 3504 p.
699 3441 756 3489 642.
783 3433 933 3490 coniecisse
956 3434 1067 3490 videtur
1084 3434 1129 3489 Αἰ·
1142 3452 1144 3462 ’
1158 3441 1217 3489 τῶν
1235 3436 1311 3504 apud
1327 3434 1507 3506 Spengelium
1525 3453 1552 3505 p.
1572 3442 1631 3491 400.
