4402 6610
572 1473 1147 1576 ΣΟΦΟΚΛΕΟΥΣ
1199 1472 1650 1574 ΑΝΤΙΓΟΝΗ

713 1881 782 1956 ΤΑ
804 1879 910 1956 ΤΟΤ
936 1880 1213 1957 ΔΡΑΜΑΤΟΣ
1239 1881 1502 1958 ΠΡΟΣΩΠΑ.

532 2087 731 2139 ΔΝΤΙΓΟΝΗ.
1153 2087 1280 2139 ΑΙΜΩΝ.

531 2173 690 2225 ΙΣΜΗΝΗ.
1152 2172 1359 2224 ΤΕΙΡΕΣΙΑΣ.

532 2258 654 2310 ΧΟΡΟΣ
673 2256 841 2310 ΘΗΒΑῙΩΝ
859 2257 1066 2310 ΡΕΡΟΝΤΩΝ.
1151 2257 1332 2310 ΑΓΓΕΛΟΣ.

531 2341 666 2394 ΚΡΕΩΝ.
1151 2341 1355 2394 ΕΤΡΤΔΙΚΗ.

531 2421 669 2484 ΦΤΛΑΞ.
694 2449 695 2452 ’
1152 2421 1383 2484 ΕΞΑΓΓΕΛΟΣ.

700 2798 1100 2876 ΑΡΙΣΤΟΦΑΝΟΤΣ
1126 2797 1518 2876 ΓΡΑΜΜΑΤΙΚΟΤ.

349 3002 511 3082 Ἀντιγόνη
539 3002 628 3082 παρὰ
654 3004 714 3082 τὴν
742 3002 918 3082 πρόσταξιν
939 3007 997 3083 τής
1019 3004 1149 3084 πόλεως
1171 3004 1306 3084 θάψασα
1333 3005 1391 3070 τὸν
1412 3002 1612 3081 Πολυνείκην
1635 3000 1806 3083 ἐφωράθη,
1835 3001 1886 3064 καὶ
1909 2997 1958 3078 εἰς

264 3108 416 3186 μνημεῖον
442 3105 611 3180 κατάγειον
635 3105 799 3171 ἐντεθεῖσα
826 3106 913 3186 παρὰ
941 3109 1000 3171 τοῦ
1024 3107 1203 3192 ’Κρέοντος
1217 3104 1383 3191 ἀνῄρηται·
1420 3106 1519 3190 ἐφ’,ῇ
1542 3105 1591 3168 καί
1612 3103 1720 3183 Αἵμων
1743 3103 1958 3180 δυσπαθήσας

263 3207 316 3273 διὰ
341 3207 399 3272 τόν
428 3205 474 3285 εἰς
496 3206 597 3286 αὐτήν
619 3206 725 3286 ἔρωτα
746 3207 829 3287 ξίφει
850 3207 966 3273 ἑαυτόν
988 3208 1207 3288 διεχειρίσατο.
1251 3208 1303 3273 ἐπὶ
1324 3210 1360 3273 δὲ
1381 3213 1427 3292 τῷ
1449 3209 1567 3274 τούτου
1589 3206 1718 3289 θανάτῳ
1740 3205 1831 3283 καὶὴ
1857 3205 1959 3283 μήτηρ

265 3309 420 3390 Εὐρυδίκη
443 3308 560 3387 ἑαυτήν
583 3307 697 3374 ἀνεῖλε.

165 3413 170 3424 ’
349 3411 451 3475 Κεῖται
477 3411 497 3489 ἡ
524 3411 694 3489 μυθοποιία
721 3412 771 3476 καλ
799 3411 880 3490 παρ’
909 3410 1060 3496 Εὐριπίδη
1090 3412 1126 3477 ἐν
1155 3411 1334 3497 Ἀντιγόνη·
1370 3413 1455 3491 πλὴν
1483 3411 1547 3477 ἐκεῖ
1572 3411 1764 3540 φῳραθεῖσα
1792 3407 1870 3488 μετὰ
1897 3410 1959 3472 τοῦ

262 3512 402 3593 Αἵμονος
424 3513 544 3576 δίδοται
565 3513 649 3592 πρὸς
671 3513 774 3592 γάμου
796 3513 969 3579 κοινωνίαν
991 3514 1041 3577 καὶ
1062 3515 1176 3579 τέκνον
1198 3514 1291 3579 τίκτει
1311 3514 1369 3579 τόν
1391 3514 1540 3593 Αίμονα“.
1636 3529 1675 3606 ἧς

347 3613 382 3678 Ἡ
406 3615 462 3694 μὲν
485 3615 587 3694 σκηνή
609 3617 668 3677 τοῦ
689 3615 852 3695 δράματος
873 3613 1035 3680 ὑπόκειται
1052 3615 1088 3681 ἐν
1105 3617 1223 3695 Θήβαις
1244 3619 1314 3695 ταῖς
1331 3617 1531 3695 Βοιωτικαῖς·
1557 3615 1626 3680 δδὲ
1641 3607 1743 3694 χορὸς
1759 3613 1959 3691 συνέστηκεν

264 3716 297 3782 ἐξ
325 3715 506 3796 ἐπιχωρίων
537 3715 716 3794 γερόντων·
755 3717 938 3797 προλογίζει
971 3719 1008 3782 δέ
1034 3717 1053 3795 ἡ
1081 3718 1259 3796 Ἀντιγόνη·
1300 3716 1462 3783 ὑπόκειται
1489 3720 1524 3783 δὲ
1551 3718 1590 3782 τὰ
1617 3716 1785 3796 πράγματα
1812 3715 1864 3778 ἐπὶ
1889 3717 1959 3778 τῶν

266 3818 426 3897 Κρέοντος
450 3820 632 3897 βασιλείων.
666 3817 704 3883 τό
726 3820 762 3883 δὲ
777 3819 952 3901 κεφάλαιόν
968 3819 1038 3885 ἐστι
1051 3820 1158 3900 τάφος
1172 3821 1404 3899 Πολυνείκους,
1421 3818 1604 3898 Ἀντιγόνης
1621 3817 1796 3898 ἀναίρεσις,
1816 3816 1959 3896 θάνατος

263 3919 421 3999 Αίμονος,
443 3921 493 3984 καὶ
514 3920 615 4001 μόρος
639 3919 813 4001 Εὐρυδίκης
836 3925 893 4001 τῆς
905 3920 1044 4000 Αἵμονος
1067 3921 1195 4002 μητρός.
1238 3923 1321 4004 φασί
1342 3923 1378 3986 δὲ
1399 3923 1457 3987 τὸν
1474 3922 1646 4003 Σοφοκλέα
1667 3920 1820 3997 ἠξιῶσθαι
1841 3923 1899 3998 τῆς
1922 3917 1961 3983 έν
1994 3979 2003 3991 ,

217 4079 219 4082 ⁴
266 4023 363 4106 Σάμῳ
397 4021 589 4102 στρατηγίας
617 4022 870 4102 εὐδοκιμήσαντα
896 4023 932 4088 ἐν
960 4029 998 4108 τῇ
1027 4023 1214 4108 διδασκαλίᾳ
1241 4028 1299 4103 τῆς
1326 4024 1520 4104 Ἀντιγόνης.
1563 4024 1706 4090 λέλεκται
1734 4023 1769 4088 δέ
1794 4022 1832 4088 τὸ
1854 4024 1963 4101 δρᾶμα

265 4127 362 4189 τοῦτο
385 4125 578 4203 τριακοστόν
600 4125 762 4204 δεύτερον.

1010 4349 1210 4358 ...—

938 4516 1288 4594 ΣΑΛΟΤΣΤΙΟΤ.

220 4797 225 4810 ἱ
350 4718 395 4784 Τὸ
417 4719 474 4797 μὲν
497 4720 601 4799 δρᾶμα
621 4721 687 4785 τῶν
710 4719 891 4785 καλλίστων
915 4721 1136 4802 Σοφοκλέους.
1181 4721 1384 4788 στασιάζεται
1404 4722 1439 4786 δὲ
1457 4721 1496 4785 τὰ
1510 4720 1583 4801 περὶ
1597 4722 1656 4800 τήν
1671 4719 1794 4799 ἡρωίδα
1807 4718 1964 4798 ἱστορού-

266 4841 346 4902 μενα
368 4823 418 4886 καλ
438 4824 497 4901 τήν
521 4821 666 4901 ἀδελφὴν
689 4821 787 4901 αὐτῆς
810 4823 964 4902 Ἰσμήνην.
1008 4823 1027 4888 δ
1055 4825 1113 4902 μὲν
1140 4823 1298 4903 γὰρἼων
1320 4822 1447 4901 ἐντοῖς
1470 4823 1673 4902 διθυράμβοις
1695 4821 1965 4902 καταπρησθῆναί

266 4939 367 5004 φησιν
390 4923 575 5005 ἀμφοτέρας
599 4923 633 4989 ἐν
656 4930 702 5008 τῷ
724 4923 800 5008 ἱερῷ
823 4923 1005 5004 τής·”Ηρας
1028 4925 1092 4990 ὑπὸ
1116 4925 1347 5005 Λαοδάμαντος
1370 4929 1429 4990 τοῦ
1453 4925 1674 5008 Ἐτεοκλέους·
1714 4924 1900 5003 Μίμνερμος
1924 4924 1965 4988 δέ

266 5041 348 5107 φησι
374 5027 434 5104 τήν
461 5027 518 5105 μέν
545 5027 690 5105 Ἰσμήνην
718 5028 987 5112 προσομιλοῦσαν
1015 5027 1227 5114 Θεοκλυμένῳ
1255 5027 1319 5093 ὑπὸ
1346 5026 1477 5106 Τυδέως
1504 5029 1584 5092 κατὰ
1610 5027 1744 5106 Ἀθηνᾶς
1772 5026 1963 5103 ἐγκέλευσιν

176 5125 179 5132 “
265 5129 462 5205 τελευτῆσαι

350 5231 458 5295 Ταῦτα
485 5230 541 5308 μὲν
571 5229 631 5294 οὖν
658 5230 727 5296 ἐστι
754 5230 792 5294 τά
820 5230 923 5308 ξένως
951 5231 1024 5310 περὶ
1054 5235 1120 5298 τῶν
1148 5230 1296 5311 ἡρωίδων
1322 5231 1548 5310 ἱστορούμενα.
1596 5231 1616 5309 ἡ
1639 5230 1747 5310 μέντοι
1767 5229 1858 5308 κοινὴ
1881 5227 1970 5310 δόξα

267 5331 448 5411 σπουδαίας
477 5331 576 5411 αὐτάς
604 5331 781 5414 ὑπείληφεν
809 5334 860 5397 καί
886 5334 1109 5414 φιλαδέλφους
1138 5334 1329 5414 δαιμονίως,
1356 5335 1376 5418 ᾗ
1404 5335 1454 5398 καὶ
1482 5332 1513 5398 οἱ
1538 5335 1597 5412 τῆς
1624 5332 1804 5417 τραγῳδίας
1832 5333 1967 5411 ποιηταὶ

276 5505 402 5514 .--

352 5613 361 5639 ·
383 5603 500 5672 Αἵμονα]
527 5606 573 5658 Sic
587 5607 619 5656 L.
641 5606 674 5656 In
692 5606 814 5672 margine
833 5607 868 5656 ab
887 5604 943 5656 alia
960 5621 1043 5657 manu
1061 5610 1176 5672 antiqua
1194 5552 1306 5670 μαίδοιῗ,
1334 5622 1368 5658 ex
1395 5612 1449 5671 ηιιδ
1471 5603 1591 5669 μαίμονα
1614 5605 1717 5656 factum
1735 5605 1762 5655 in
1781 5605 1968 5672 apographis.

269 5672 380 5728 Μαίονα
397 5675 542 5727 Νααοίιίιιο
561 5674 594 5725 de
612 5673 751 5742 Aristoph.
770 5675 906 5740 Byzantio
925 5691 952 5741 p.
971 5676 1030 5730 257.
