4272 6596
361 482 425 547 04
544 515 548 522 -
747 561 752 570 .
848 487 1191 542 srrusooauosa
1220 491 1572 548 incessantius

363 633 475 697 κλέους,
500 635 546 686 tol
568 635 806 701 curiositates
826 639 871 692 καῖ
888 639 1050 710 αὐχμηρῶν.
1084 641 1194 706 nosco
1256 640 1323 702 387.
1360 647 1520 697 Scholiasta
1537 646 1721 718 Plutiattt.
1741 647 2007 714 Νεοκλείδης-κῖ-

362 712 430 775 κλής
452 711 506 776 γάρ
522 711 636 775 ἐγένετο
651 713 797 777 Ἀθηναῖος
815 715 951 778 πλούσιος
962 717 1081 783 σφόδρα,
1102 717 1195 780 άλλως
1221 734 1302 784 ρηται
1319 720 1349 772 δὲ
1368 722 1414 772 καί
1431 719 1463 771 ἐν
1474 720 1632 786 Πελαργοῖς
1649 723 1714 788 περί
1732 722 1822 776 αύτοθ
1841 723 1882 774 δτι
1896 723 2005 791 ρήτυριιί

362 815 394 821 -
404 786 532 928 pusaeus,
551 788 628 927 δβστις
647 789 743 840 ἕνεκεν
755 817 788 826 -
800 790 904 844 οῦδένα
922 791 948 845 ol
967 791 1011 846 εῖα
1029 793 1194 858 προσίεσθαι
1222 794 1410 861 συκοφάντης.

362 876 402 924 φυ
421 875 455 914 ακ
475 877 489 926 ς
507 888 539 900 -
575 877 626 916 ιου.

936 1063 941 1076 =
1044 1045 1375 1144 uolunta.

393 1204 511 1274 Ποίησις
529 1211 557 1260 in
578 1212 681 1262 tabulis
700 1213 799 1278 spuriis
819 1213 853 1264 ab
873 1216 1033 1278 quibusdam
1052 1216 1204 1282 Archippo*
1251 1213 1322 1274 388.
1358 1219 1518 1272 Priscianus
1539 1222 1577 1272 18.
1606 1237 1632 1286 p.
1654 1223 1727 1272 1198.
1754 1221 1866 1272 Ραίεοῖι.
1892 1224 1943 1286 (rol.
1957 1228 1974 1276 t.
1992 1244 2008 1290 p.

360 1287 472 1336 tributis
494 1292 654 1338 numeratur
677 1289 712 1337 ab
736 1291 915 1353 grammatico
939 1298 1192 1358 supramemorato
1218 1293 1276 1343 314.
1296 1293 1337 1342 ed.
1354 1293 1468 1354 Horta).
1493 1295 1594 1344 “Attici
1610 1293 1685 1360 παρά
1703 1293 1735 1348 σέ
1752 1315 1802 1362 pro
1821 1297 1892 1362 παρά
1907 1299 1949 1362 σοί,
1963 1318 2002 1364 pa·

360 1373 385 1423 ρ.
406 1362 463 1410 181.
500 1362 542 1410 Ex
560 1361 857 1428 Antiphanislloulcet
877 1366 987 1430 longum
1007 1366 1192 1434 fragmentum
1218 1363 1291 1418 modo
1309 1373 1334 1418 et
1352 1384 1398 1418 uos
1416 1371 1499 1436 opud
1516 1377 1552 1420 ie.
1583 1372 1772 1436 Aristophanes
1789 1373 1902 1437 Ποιὴσει

359 1435 456 1486 attulit
473 1436 632 1487 Athenaeus
650 1440 673 1488 6.
694 1455 719 1502 p.
739 1441 797 1489 222.
822 1439 871 1489 ubi
889 1441 1071 1492 Casaubouua
1090 1443 1207 1506 Aristo-3
1288 1439 1408 1493 Γυναῖκα
1425 1439 1455 1494 δέ
1474 1445 1625 1512 ζητοῦντες
1645 1444 1740 1497 ἐνθάδ’
1756 1449 1871 1514 ἥκομεν,

358 1511 472 1635 ξῖῖιιιέιίεΟ
489 1513 795 1640 nemen33rpstitnebat,
828 1517 966 1570 refutatus
993 1519 1027 1571 ab
1054 1515 1194 1568 Meinekio
1288 1517 1324 1583 ἥν
1342 1531 1429 1585 φασιν
1448 1517 1519 1570 εἶναι
1538 1519 1615 1587 παρὰ
1634 1519 1672 1574 σέ.

388 1599 431 1634 1s.
474 1601 524 1638 om.
545 1604 570 1654 p.
641 1625 646 1640 .

885 1807 892 1826 '
1003 1803 1402 1920 nonninus.

393 1981 547 2067 Etymolog.
559 2005 610 2054 Me.
624 1981 780 2054 Parisinum
793 2005 866 2072 apud
879 2005 1093 2058 Valckenarium
1101 2009 1191 2058 Diatr.
1287 2007 1386 2072 Τρέχιυ
1405 2007 1449 2059 διὰ
1467 2009 1519 2071 τῆς
1537 2005 1640 2072 άγορῦς
1656 2003 1847 2072 άναρίστητος
1863 2007 1908 2060 ιύν.

2085 1635 2088 1784 l

358 2073 453 2140 Eurip.
472 2093 496 2140 p.
516 2079 574 2128 200.
593 2082 622 2128 ot
639 2078 792 2144 Etymolog.
811 2079 930 2130 Gomon.
949 2098 975 2146 p.
989 2084 1101 2145 aliti.
1121 2099 1190 2148 quae
1220 2084 1380 2150 Legebatur
1396 2081 1441 2134 διὰ
1457 2085 1509 2144 τῆς
1527 2080 1630 2150 ἀγοράς
1648 2083 1740 2148 τρέχω
1759 2084 1881 2148 (τρέχων
1892 2084 2010 2150 Bergkiul.

359 2148 506 2199 amendata
526 2167 609 2214 pono:
628 2150 775 2213 Πολύϊδος.
813 2152 889 2206 otro
908 2155 953 2206 καί
967 2155 1157 2218 Ἀπολλώνιος
1175 2156 1191 2208 ὁ
1218 2161 1399 2224 'irsnsposuit
1416 2159 1563 2217 Portunus.

358 2225 410 2274 τοῦ
430 2222 574 2288 Ἀρχιβίου,
594 2226 640 2277 καί
657 2226 724 2291 ἔστι,
743 2229 823 2294 φησί,
843 2230 1009 2292 πολυῑδμων
1028 2231 1123 2294 μάντις
1142 2231 1190 2283 ιύν.
1252 2230 1321 2292 392.
1356 2233 1455 2284 Pollux
1473 2237 1498 2296 9,
1518 2236 1559 2286 31.
1598 2233 1636 2285 Ἀ.
1654 2233 1685 2286 ἐν
1703 2233 1853 2300 Παλυείδηι
1881 2233 2010 2296 “Ἐλλιμενί-

359 2297 435 2351 ούτω
455 2298 547 2351 δὲκαὶ
565 2300 599 2352 τὸ
618 2301 708 2366 δρᾶμα
727 2301 910 2368 ἐπιγράφεται
929 2307 1005 2370 παρά
1025 2306 1189 2372 Ἀριστοφά-
1203 2334 1205 2345 ν
1218 2310 1306 2374 ζειςίχ
1325 2306 1512 2370 δεκατεύεις.”

359 2389 409 2426 νει.
446 2380 579 2441 μαρτυρεῖ
597 2377 627 2429 δέ
646 2377 803 2440 Φιλόξενος.
834 2381 879 2431 κσΙ
898 2379 1047 2445 Σοφοκλῆς
1065 2381 1095 2433 δέ
1114 2381 1190 2433 Μάν-
1252 2383 1321 2442 393.
1356 2385 1472 2436 Photius
1491 2387 1569 2449 ρ.13,
1585 2385 1624 2437 19.
1654 2385 1765 2450 suidas,
1793 2387 1938 2452 Etymolog.
1953 2388 2009 2450 llo

358 2461 419 2502 τεσι
442 2451 621 2504 συνέστειλεν
649 2453 747 2518 “‘Opsir
773 2455 828 2520 πρὸ
851 2458 953 2520 χειρῶν
972 2457 1115 2510 Πολυίδου
1138 2461 1190 2510 τοῦ
1218 2466 1277 2524 373,
1290 2464 1329 2514 19.
1350 2465 1378 2512 et
1395 2459 1685 2526 Michaeldpostolius
1700 2464 1724 2524 i,
1734 2464 1775 2513 et.
1793 2461 1913 2528 Ἐρημον
1927 2459 2011 2524 ἐμβλέ-

360 2523 516 2588 μάντεως.”
552 2527 598 2579 καί
624 2527 708 2582 πάλιν
736 2528 819 2582 “Olus
843 2529 920 2582 ἔστιν
943 2527 968 2584 εί
992 2533 1030 2596 μὴ
1055 2530 1189 2597 Πολυῖδῳ
1219 2551 1308 2588 πεινι
1337 2533 1472 2600 ἀκίνητον
1489 2535 1535 2588 καί
1553 2534 1674 2601 νωθράν.
1708 2531 1771 2588 οἷον
1789 2536 1862 2588 ὅταν
1879 2535 1915 2598 είς
1929 2531 2013 2600 ἑριχιύιι

359 2601 401 2665 τῷ
426 2597 592 2666 Κοιράνου.”
627 2605 670 2656 Es
693 2611 773 2670 parte
796 2611 904 2656 tanturn
927 2605 997 2658 haec
1016 2607 1145 2672 ,leguntur
1162 2607 1190 2656 in
1219 2612 1376 2680 ἢπέλαγος
1398 2610 1470 2676 μέγα
1494 2612 1540 2665 καί
1563 2609 1663 2676 ἀχανές
1681 2611 1835 2674 βλέπωμεν
1858 2611 2013 2676 (ἐμβλέπων
2086 2641 2088 2668 ι

359 2675 514 2741 Etymolog.
534 2677 570 2728 lli.
589 2695 615 2742 p.
636 2677 694 2740 681,
714 2681 754 2732 22.
777 2679 931 2744 Πολύϊδος,
954 2698 1009 2734 non
1028 2678 1190 2744 Πολύειδος,
1218 2677 1346 2748 sidoni:
1359 2687 1397 2739 Ἀ.
1417 2683 1552 2752 Πολυῑδῳ
1571 2685 1731 2754 (Πολυείδιμ
1752 2688 1853 2740 Soidas
1871 2693 1897 2738 et
1913 2683 2014 2754 litpnoil.

2086 2669 2088 2714 l

359 2751 466 2800 usitata
488 2753 605 2815 Atticis,
632 2756 742 2819 opinor,
772 2757 859 2806 torma
885 2757 947 2806 fuit.
983 2757 1063 2808 Vena
1081 2757 1192 2810 videtur
1219 2765 1319 2815 Parum
1338 2761 1493 2829 probabilia
1511 2761 1544 2812 de
1563 2761 1607 2813 his
1619 2763 1710 2813 verbis
1729 2765 1844 2830 scripsit
1855 2763 2014 2814 Valckenarius
2086 2785 2088 2804 ι

358 2825 540 2875 Valckenarii
558 2827 591 2878 de
609 2829 740 2894 Euripide
761 2831 891 2895 suspicio.
1220 2839 1256 2888 ad
1273 2838 1414 2888 Theocriti
1431 2837 1562 2891 Adoniaz.
1582 2855 1609 2903 p.
1628 2840 1688 2888 233.

2086 2823 2088 2896 l

392 2903 462 2964 889.
498 2909 1015 2978 Βίοδασυσθ8,11.’λ.ένΠολυῑδῳ
1252 2910 1320 2970 994.
1355 2913 1509 2978 Etymolog.
1528 2913 1564 2962 M.
1583 2930 1609 2977 ρ.
1627 2915 1691 2976 451,
1710 2917 1750 2965 51.
1787 2909 2014 2978 Θησειάτριφιά
2087 2909 2088 2970 ]

427 2981 507 3046 Ἰδού,
525 2981 623 3047 δίδωμι
640 2985 720 3050 τήνδ’
737 2987 794 3049 ἐγὼ
812 2988 931 3050 γυναῖκά
949 3001 993 3040 σοι
1218 2986 1255 3039 ἐν’
1268 2991 1311 3053 τῷ
1324 2985 1436 3052 Θησείῳ
1455 2983 1608 3051 διατρίψας,
1645 2985 1683 3037 Ἀ.
1702 2987 1849 3052 Πολυῖδῳ.
1883 2989 1923 3037 καί
1943 2988 2013 3048 θησο-
2087 2993 2088 3020 i

387 3083 391 3090 ·
426 3056 562 3123 Φαίδραν·
581 3057 628 3110 ἐπὶ
646 3063 703 3126 πῦρ
721 3061 751 3114 δὲ
769 3065 825 3127 πῦρ
844 3062 911 3127 ἔοιχ’
927 3065 1003 3128 ἥξειν
1021 3062 1107 3126 άγιυν.
1220 3064 1337 3126 μύζειν
1356 3061 1386 3114 δέ
1405 3061 1436 3116 έν
1453 3066 1496 3130 τῷ
1515 3061 1594 3127 αύτῷ
1614 3060 1731 3124 λέγεται
1767 3063 1815 3114 Sic
1834 3063 1915 3113 codex
1931 3058 2014 3111 llorrlll
2087 3095 2088 3102 .

359 3135 561 3186 “Proverbium
585 3144 629 3186 est
652 3139 708 3200 πῦρ
724 3135 769 3188 ἐπί
788 3141 858 3204 πῦρε
882 3139 1027 3192 videliet.
1048 3139 1188 3190 scillicet.
1221 3140 1379 3205 Legebatur
1401 3137 1436 3188 δέ
1463 3137 1499 3188 τά
1525 3136 1557 3187 έν
1579 3135 1657 3202 αύτῷ
1681 3136 1781 3199 λέγειν.
1828 3137 1951 3188 Vitiosum
1970 3151 2015 3184 sero
2086 3155 2088 3180 l

357 3211 462 3276 Eugen.
481 3227 507 3274 p.
525 3212 583 3260 451.
625 3211 1022 3279 Bocokl.sot1io.p.145.
1063 3213 1190 3265 Clemens
1219 3221 1262 3266 est
1281 3212 1457 3278 θησομύῑειν,
1478 3227 1526 3278 pro
1540 3227 1592 3276 quo
1611 3211 1808 3277 θησεισμύίειν
1827 3213 1933 3277 scripsit
1942 3225 2015 3273 mosy-

357 3285 433 3336 illex.
454 3284 514 3344 θυῖε
532 3288 602 3337 dioec
620 3303 645 3352 p.
663 3291 687 3340 ά,
707 3287 745 3353 (p.
758 3289 816 3343 936,
837 3290 878 3340 ed.
894 3288 1014 3353 Polion)
1032 3287 1067 3340 τὸ
1085 3289 1119 3352 δὴ
1137 3291 1190 3340 τοῦ
1218 3306 1276 3342 mus
1294 3291 1323 3339 in
1341 3292 1440 3342 Annot.
1457 3292 1491 3341 ad
1505 3293 1596 3355 Etym.
1608 3291 1677 3342 (λιτά.
1692 3303 1718 3354 p.
1727 3290 1787 3339 895.
1823 3290 1867 3339 De
1884 3283 2016 3352 θησείψ,ἰῖ
2087 3303 2088 3334 l

358 3359 443 3422 λόγου
461 3362 518 3424 πῦρ
535 3360 581 3413 ἐπί
599 3364 655 3426 πῦρ
674 3363 907 3426 μετοχετεύοντες
929 3363 1013 3430 τύφῳ
1032 3367 1126 3428 τῦφον
1145 3363 1188 3416 'trt-
1219 3368 1290 3432 qnod
1317 3369 1390 3419 servi
1417 3367 1565 3430 coningere
1589 3364 1717 3415 solebant
1739 3363 1826 3414 aliurn
1847 3365 1969 3414 domium
1985 3375 2016 3410 m-

358 3436 537 3496 αντλοῦντες.
546 3437 594 3486 ubi
604 3437 889 3504 vid.Segasr.p.1ti.”
903 3440 1190 3504 Boiasonodioapasu
1219 3443 1299 3506 cturi,
1314 3441 1384 3494 dixit
1395 3441 1549 3492 Ullrichius
1560 3442 1590 3490 in
1604 3437 1759 3504 appendice
1771 3439 1809 3489 ad
1822 3439 1967 3490 Platonicos
1979 3437 2017 3486 dit

390 3515 462 3575 999.
500 3520 636 3571 Stobeaus
656 3521 712 3583 118,
737 3523 776 3572 lt.
807 3521 1028 3585 Ἀριστοφάνους
1045 3521 1190 3574 Πολυίδου
1220 3517 1297 3582 logos
1317 3534 1341 3584 p·
1360 3518 1418 3568 232·
1454 3515 1535 3567 conf·
1556 3515 1653 3578 fragm·
1671 3515 1729 3563 477-

425 3591 466 3643 Τύ
484 3593 537 3659 γὰρ
555 3595 701 3658 φοβεῖσθαι
718 3594 771 3646 τὸν
790 3593 913 3646 θάνατον
931 3597 1015 3660 λῆρος
1033 3595 1134 3656 πολύς·
1251 3595 1320 3654 395,
1356 3599 1458 3648 Moeris
1471 3613 1496 3661 p.
1507 3597 1565 3646 288.
1596 3594 1664 3648 Οῦκ
1681 3594 1844 3660 άπήρκειε
1863 3589 2018 3646 inimicis

425 3670 510 3720 πᾶσιν
527 3669 580 3733 γάρ
599 3668 666 3732 ἡμῖν
682 3670 763 3721 τοῦτ’
781 3669 924 3734 ὀφείλεται
943 3672 1054 3722 παθεῖν.
1217 3671 1331 3738 ἀπέχρη.
1370 3671 1407 3724 Ἀ.
1426 3669 1584 3734 Πολυείδιμ.

356 3742 480 3793 Alterum
497 3759 614 3807 versum,
632 3745 686 3795 nisi
704 3746 770 3810 quid
789 3747 864 3810 apud
883 3747 1032 3800 stobaeum
1049 3745 1188 3796 turbatum
1250 3753 1321 3812 396,
1357 3755 1454 3805 Pollux
1466 3757 1491 3818 θ,
1506 3757 1561 3806 130.
1582 3753 1620 3805 Ἀ.
1633 3753 1871 3819 δδένΠσλυείδῳ
1890 3754 1930 3804 καί
1945 3761 2018 3814 κροσ-

359 3824 415 3879 cst,
440 3818 550 3869 aliunde
569 3821 674 3870 sumsit.
708 3821 826 3885 Legitur
844 3836 916 3872 nuno
933 3821 1008 3886 apud
1026 3819 1188 3885 Sophoclem
1217 3828 1368 3895 εμφερής
1387 3827 1457 3879 εἷπε.

282 3957 284 3960 ¹
358 3896 387 3944 iu
396 3894 506 3944 Electra
518 3911 543 3946 ν.
558 3897 630 3950 1173.
650 3897 697 3948 nbi
709 3902 802 3947 tamen
814 3903 890 3948 recta
904 3897 1010 3947 ciectus
1023 3901 1066 3946 eat
1079 3897 1188 3960 saerg-

358 3969 417 4031 kio‚
441 3971 489 4033 qui
505 3971 647 4035 Euripidis
671 3986 704 4021 ex
722 3972 839 4036 Polyido
857 3987 966 4025 versum
989 3987 1051 4024 ease
1070 3971 1189 4022 coniicit.

358 4043 516 4096 simillimas
546 4047 701 4096 sententiaa
726 4047 867 4112 Euripidis
897 4047 1009 4111 collegit
1027 4048 1189 4111 Wyttenbu·
1250 4047 1292 4096 Ex·
1310 4045 1426 4110 Polyido
1444 4046 1542 4097 Pollux
1563 4050 1601 4108 10,
1620 4049 1661 4097 ih.
1701 4048 1853 4097 memoriae
1874 4045 2022 4096 onomatis·

358 4123 437 4172 ohius
459 4121 494 4170 ad
511 4121 691 4172 Plutarchum
710 4122 764 4174 voi.
784 4126 807 4173 6.
827 4141 852 4188 p.
872 4125 930 4174 tto.
1218 4123 1252 4171 lit
1270 4121 1614 4185 Thesmophoriaznsarum
1636 4135 1745 4172 versum
1763 4123 1825 4172 838.
1866 4111 2022 4180 {ademit

390 4193 457 4253 991.
493 4195 605 4260 Suidaa,
631 4195 841 4262 Ἀνάριστος,
865 4198 971 4261 μᾶλλον
995 4196 1025 4250 δὲ
1042 4195 1190 4262 ἀναρίστη-
1217 4195 1295 4247 νυλλ’
1312 4197 1432 4261 ᾔτησεν·
1451 4193 1486 4246 oo
1502 4194 1558 4258 γὰρ
1574 4194 1611 4258 ἣν
1628 4193 1697 4258 ἀμίς.
1733 4198 1871 4247 Fortasse
1889 4193 2021 4244 allodion-

357 4287 413 4336 τος.
450 4272 488 4324 Ἀ.
506 4270 655 4338 Πολυείδιμ
1217 4273 1274 4323 buli
1293 4270 1414 4335 σκάφιον
1433 4271 1587 4336 exemplum
1605 4273 1634 4320 in
1652 4271 1770 4334 Polyido
1789 4273 1934 4322 inventum
1949 4267 1997 4317 trit

693 4510 972 4585 ΣΚΗΝΑΣ
1023 4505 1729 4584 ΚΑΤΑΛΑΜΒΑΝΟΤΣΑΙ.

392 4681 523 4731 Mulieres
553 4679 657 4746 σκηνὰς
690 4680 959 4744 καταλαμβανούσας
991 4695 1060 4746 quas
1087 4681 1190 4730 dixisse
1216 4681 1335 4744 pientiam
1357 4680 1441 4743 tarpio
1467 4687 1492 4729 et
1518 4670 1848 4741 άκροχειρισμούς.”
1895 4673 2024 4728 castulus

357 4757 476 4806 comicus
502 4757 631 4808 videatur
653 4755 834 4808 Castuhonus
861 4757 1000 4823 explicare
1028 4757 1135 4808 studuit
1161 4756 1190 4804 in
1216 4755 1345 4804 assentiri
1362 4753 1472 4804 videtur
1482 4753 1685 4804 Valckenarius
1704 4753 1739 4802 ad
1751 4752 1944 4805 Adoniezusas
1954 4767 1974 4816 p.
1984 4747 2025 4798 at.

355 4831 499 4882 Animadv.
526 4833 562 4883 ad
584 4833 758 4882 Athenaeum
779 4837 808 4896 t,
832 4835 873 4886 20.
898 4849 924 4898 p.
949 4837 1006 4885 301.
1058 4831 1190 4896 “Σκηνάς
1216 4831 1332 4880 Diversa
1351 4829 1514 4882 estiiuhnii
1533 4828 1569 4878 ad
1586 4826 1726 4879 Pollucem
1744 4827 1769 4889 7,
1792 4827 1854 4878 157.
1874 4837 1901 4879 et
1918 4829 2026 4904 Hematerj

357 4906 619 4970 καταλαμβάνουσαι
638 4907 752 4973 (inquit)
771 4911 888 4959 dicontur
906 4925 970 4974 quoe
987 4911 1013 4958 ia
1027 4910 1089 4972 foro
1107 4915 1132 4958 et
1144 4910 1190 4957 otia
1215 4907 1288 4955 husil
1306 4905 1342 4956 ad
1360 4909 1400 4964 10,
1420 4905 1476 4955 106.
1496 4904 1649 4964 sententie,
1668 4903 1714 4968 qui
1733 4901 1766 4951 da
1791 4906 1937 4968 occupatis
1952 4901 2026 4949 tiam

353 4985 462 5049 puhlicis
484 4986 561 5033 locam
584 4991 710 5048 occupant
737 4984 780 5032 oti
803 4999 850 5032 asto
876 4985 1020 5034 semiramia
1045 4987 1193 5034 destituant.
1216 4981 1326 5032 sedibus
1349 4981 1514 5045 cogitarunt.
1550 4979 1613 5031 ‘Nee
1636 4976 1813 5028 diffitendum
1839 4983 1884 5028 eat
1902 4979 1972 5044 plura
1985 4984 2027 5024 ess·

355 5061 400 5110 Ito
417 5060 487 5109 soliti
502 5059 592 5120 facere
608 5066 778 5117 messores,
797 5060 894 5123 quoties
912 5060 1088 5108 celebrabatur
1104 5061 1190 5122 aliquo
1201 5014 1203 5113 ά
1215 5057 1243 5104 in
1261 5054 1424 5120 fragmentis
1447 5067 1517 5118 quae
1540 5054 1575 5104 de
1594 5051 1821 5118 theatropotiua
1848 5069 1928 5119 qnam
1945 5052 1973 5100 de
1986 5049 2027 5096 itu

354 5137 502 5199 pooepprta.
543 5133 621 5183 Vetus
642 5131 773 5184 Theocriti
783 5135 912 5197 interpres
926 5131 978 5197 [15,
993 5129 1061 5200 Ῑθ.]ι
1081 5132 1111 5183 έν
1129 5122 1307 5193 ταῖς“αο1υιιι
1336 5143 1396 5179 csse
1423 5127 1565 5192 probabile
1593 5129 1719 5183 reddant.
1759 5129 1900 5180 Fortasse
1925 5125 1957 5177 ad
1976 5124 2027 5172 hm

355 5207 531 5271 πανηγύρεσι
548 5207 653 5271 σκηνὰς
665 5206 780 5260 ἐποίουν
792 5205 818 5259 ol
837 5208 1009 5271 πωλοῦντες.
1049 5208 1093 5259 Sic
1110 5217 1190 5258 aotam
1202 5159 1204 5237 ά
1217 5205 1338 5256 tabulam
1351 5207 1462 5270 spectat
1474 5203 1599 5255 scholion
1607 5203 1809 5270 Thesmophor.
1823 5220 1851 5258 a.
1858 5199 2028 5284 didinmdift

356 5285 466 5349 loquitor
482 5285 548 5333 idem
563 5289 642 5346 poeta
660 5288 686 5332 in
698 5285 767 5333 Pace
783 5281 820 5348 [v.
834 5277 906 5349 880]
926 5277 965 5344 είς
983 5281 1089 5346 Ἴσθμια
1105 5282 1109 5348 Ι
1125 5295 1190 5347 σκη-
1217 5283 1392 5341 Rauennate,
1411 5279 1475 5342 τὴν
1493 5277 1604 5330 πύκνα
1626 5279 1738 5331 πᾶσαν
1761 5281 1823 5331 καί
1847 5280 1909 5342 τάς
1931 5283 2028 5354 extitit

355 5359 409 5423 νην
432 5356 554 5420 ἐμαυτοῦ
575 5361 618 5422 tili
641 5356 701 5408 πέει
723 5355 936 5421 καταλαμβάνω.
980 5355 1145 5424 [sbl'achol.
1165 5356 1191 5409 ol
1217 5356 1271 5407 καί
1290 5353 1348 5416 τὰς
1365 5353 1514 5414 διόδουςε
1532 5354 1583 5415 τὰς
1601 5353 1706 5419 σκηνάς
1722 5352 1770 5405 διά
1783 5353 1877 5418 μέσου
1888 5353 2029 5432 situram

355 5433 488 5494 θέλοντες
500 5433 619 5498 θεωρεῖν
629 5425 946 5498 προκαταλαμβάνουσιν
957 5431 1066 5494 ἑαυτοῖς
1074 5431 1189 5495 τύπους.
1216 5430 1269 5495 γάρ
1290 5431 1361 5494 πρὸς
1378 5433 1414 5495 τῇ
1437 5428 1523 5479 πυκνί
1546 5430 1647 5494 σκηναί
1669 5431 1723 5494 (sic
1741 5433 1860 5481 correxi
1881 5429 1949 5496 qnod
1964 5427 2029 5510 stili

356 5508 424 5561 θέαν
442 5507 666 5572 καταλαμβάνειν
685 5509 754 5559 dixit
770 5511 906 5561 Aristides
923 5510 978 5561 vol.
997 5513 1020 5563 1.
1045 5524 1070 5573 p.
1089 5510 1147 5570 iot,
1167 5510 1189 5561 t.
1217 5509 1310 5559 codice
1329 5509 1420 5572 σκηνῇ
1438 5502 1551 5566 πυκναί)
1571 5506 1656 5570 ἦσαν,
1675 5503 1715 5566 ὼς
1734 5505 1781 5556 καί
1801 5505 1894 5568 αὐτὸς
1907 5504 2029 5564 'uuum

356 5587 404 5634 ubi
421 5585 476 5634 vid.
496 5583 592 5651 schol]
633 5585 741 5634 Videtur
759 5574 1137 5650 Aristoptonee'deacrtpaitee
1160 5599 1190 5634 eo
1216 5597 1260 5635 ται
1278 5581 1391 5634 τούτου.
1427 5580 1507 5633 (loni.
1526 5581 1609 5632 Pacis
1626 5597 1652 5631 ν.
1672 5582 1731 5632 tet.

357 5661 471 5712 oromate
488 5663 615 5712 mutinum
631 5661 743 5712 tentorio
759 5677 807 5711 eso
823 5663 956 5712 conmodis
975 5663 1037 5711 locis
1049 5663 1131 5724 lipare
1147 5675 1190 5711 co-
1252 5656 1322 5716 897.
1366 5655 1524 5710 Scholiasta
1552 5657 1680 5708 Platonis
1712 5671 1739 5722 p.
1771 5659 1836 5708 330.
1871 5657 1914 5707 ed.
1939 5649 2028 5706 Bulbi·
