4330 6616
460 1496 924 1644 ΑΙΣΧΥΛΟΥ
975 1493 1603 1594 ΑΓΑΜΕΜΝΩΝ..

880 1805 1143 1814 n*—

608 2024 677 2098 TA
703 2024 808 2100 νον
833 2023 1112 2142 πολιτικοῖς
1139 2021 1413 2098 ΠΡοΣοιιω

561 2222 699 2284 ΦΤΛΑΞ.
1068 2225 1307 2281 ΑΓΑΜΕΜΝΩΝ.

561 2313 693 2366 ΧΟΡΟΣ.
1068 2311 1272 2364 ΚΑΣΑΝΔΡΑ.

562 2397 892 2451 ΚΛΥΤΑΙΜΝΗΣΤΡΑ.
1069 2395 1252 2449 ΔΙΓΙΣΘΟΣ.

562 2481 778 2536 ΤΑΑΘΤΒΙΟΣ
797 2479 934 2538 ΚΗΡΤΞ.

906 2723 1107 2733 ——.-.

864 2940 1144 3019 ΤΠΟΘΕΣΙΣ.

241 3149 447 3230 Ἀγαμέμνων
476 3147 521 3227 είς
543 3148 639 3214 Ἴλιον
669 3146 773 3214 ἀπιὼν
801 3151 838 3230 τῇ
873 3143 1134 3228 Κλυταιμνήστρᾳ
1157 3141 1335 3226 ὑπέσχετο,
1364 3141 1391 3210 εἰ
1412 3143 1576 3221 πορθήσοι
1596 3143 1634 3207 τὸ
1656 3141 1768 3225 Ἴλιον,
1794 3145 1852 3220 τῆς

155 3251 258 3330 αὐτῆς
286 3251 406 3331 ἡμέρας
435 3253 591 3331 σημανεῖν
620 3250 672 3314 διὰ
693 3254 751 3314 τοῦ
774 3251 912 3328 πυρσοῦ.
958 3245 1034 3314 ὅθεν
1058 3247 1184 3313 σκοπὸν
1207 3245 1353 3312 ἐκάθισεν
1376 3245 1427 3310 έπῖ
1449 3251 1553 3329 μισθῷ
1579 3245 1850 3324 Κλυταιμνήστρα,

152 3353 208 3421 ἰνα
223 3354 338 3434 τηροίη
355 3355 413 3421 τὸν
428 3353 565 3433 πυρσόν.
595 3353 645 3416 καὶ
661 3351 679 3417 ὁ
695 3353 752 3433 μὲν
768 3351 845 3416 ἰδὼν
866 3349 1075 3429 ἀπήγγειλεν,
1098 3349 1176 3428 αὐτὴ
1199 3349 1234 3413 δὲ
1249 3351 1315 3412 τῶν
1331 3343 1520 3428 πρεσβυτῶν
1538 3345 1639 3426 ὄχλον
1655 3347 1852 3426 μεταπέμπε-

154 3478 205 3522 ται
227 3459 377 3536 περὶτοῦ
392 3459 521 3535 πυρσοῦ
537 3455 676 3550 ἐροῦσα,
700 3453 733 3522 έξ
755 3452 802 3520 ὧν
825 3453 875 3517 καί
895 3451 1031 3532 δχορθς
1047 3451 1250 3517 συνίσταται·
1274 3449 1392 3527 οἵτινες
1415 3448 1616 3528 ἀκούσαντες
1638 3448 1852 3516 παιανίζουσι.

155 3561 221 3639 μετ’
250 3558 293 3623 οὐ
321 3559 406 3624 πολὺ
433 3559 469 3622 δὲ
491 3558 542 3622 καῖ
563 3557 741 3638 Ταλθύβιος
768 3555 974 3634 παραγίνεται
996 3555 1047 3618 καί
1069 3554 1108 3618 τὰ
1131 3554 1210 3617 κατὰ
1232 3552 1290 3617 τὸν
1313 3555 1417 3616 πλοῦν
1440 3553 1600 3628 διηγεῖται.
1644 3551 1853 3631 Ἀγαμέμνων

157 3661 186 3725 δ’
209 3661 263 3726 ἐπὶ
287 3659 413 3739 ἀπήνης
442 3659 581 3739 ἔρχεται·
613 3659 722 3723 είπετο
744 3659 772 3722 δ’
795 3658 881 3742 αὐτῷ
906 3657 998 3737 ἑτέρα
1020 3655 1140 3736 ἀπήνη,
1171 3655 1248 3721 ἔνθα
1275 3654 1315 3734 ήν
1337 3655 1377 3720 τά
1399 3655 1530 3734 λάφυρα
1551 3654 1643 3732 καὶὴ
1670 3655 1852 3734 Κασάνδρα·

156 3761 259 3840 αὐτὸς
290 3763 347 3842 μὲν
376 3760 436 3828 οὖν
465 3762 708 3842 προεισέρχεται
737 3759 783 3839 εἰς
805 3761 862 3825 τὸν
886 3758 978 3824 οἷκον
1002 3759 1064 3824 σὺν
1087 3763 1125 3841 τῇ
1150 3757 1424 3840 Κλυταιμνήστρᾳ,
1456 3756 1626 3835 Κασάνδρα
1649 3757 1684 3820 δὲ
1706 3768 1848 3836 προμαν-

155 3863 302 3947 τεύεται,
330 3867 405 3944 πρὶν
429 3863 475 3943 εἰς
497 3867 537 3931 τά
561 3865 705 3946 βασίλεια
727 3862 898 3945 εἰσελθεῖν,
927 3863 984 3928 τὸν
1007 3861 1121 3938 ἑαυτῆς
1145 3861 1196 3924 καὶ
1217 3863 1275 3924 τοῦ
1297 3859 1537 3939 Ἀγαμέμνονος
1559 3857 1699 3924 θάνατον
1723 3857 1774 3920 καὶ
1794 3858 1852 3934 τήν

158 3967 189 4036 ἐξ
213 3967 375 4046 Ὀρέστου
406 3969 652 4050 μητροκτονίαν,
679 3967 731 4030 καί
759 3964 896 4047 εἰσπηδᾷ
918 3963 965 4043 άις
987 3962 1185 4042 θανουμένη,
1215 3961 1339 4042 ῥίψασα
1361 3961 1401 4025 τά
1423 3961 1594 4038 στέμματα.
1638 3963 1735 4024 τοθτο
1758 3958 1853 4023 δὲτὸ

157 4069 259 4150 μέρος
283 4071 342 4133 τοῦ
366 4069 529 4148 δράματος
552 4068 741 4149 θαυμάζεται
764 4067 812 4145 ὡς
833 4069 885 4131 καί
906 4066 1053 4144 ἔκπληξιν
1077 4063 1154 4143 ἔχον
1175 4065 1227 4129 καῖ
1249 4063 1358 4131 οἶκτον
1380 4063 1501 4130 ἱκανόν.
1539 4061 1627 4141 ἰδίως
1643 4065 1679 4128 δὲ
1693 4061 1854 4141 Αἰσχύλος

156 4174 214 4237 τὸν
231 4169 454 4251 Ἀγαμέμνονα
476 4171 529 4236 ἐπὶ
550 4165 672 4251 σκηνής
695 4170 895 4250 ἀναιρεῖσθαι
916 4170 1016 4249 ποιεῖ,
1039 4167 1098 4231 τὸν
1120 4168 1156 4231 δὲ
1172 4166 1362 4246 Κασάνδρας
1385 4164 1559 4243 σιωπήσας
1582 4163 1722 4229 θάνατον
1738 4162 1854 4242 νεκρὰν

157 4271 260 4352 αὐτήν
285 4269 443 4346 ὑπέδειξε,
467 4275 620 4352 πεποίηκέ
642 4295 677 4340 τε
691 4272 845 4350 Αἴγισθον
868 4275 918 4337 καί
935 4271 1213 4349 Κλυταιμνήστραν
1236 4270 1388 4349 ἑκάτερον
1410 4268 1686 4348 διισχυριζόμενον
1709 4267 1782 4345 περὶ
1796 4270 1854 4345 τῆς

157 4375 366 4456 ἀναιρέσεως
393 4365 440 4442 ἑνὶ
467 4377 649 4462 κεφαλαίῳ,
678 4378 736 4456 ’τήν
759 4377 817 4457 μὲν
838 4381 875 4458 τῇ
904 4373 1067 4453 ἀναιρέσει
1089 4373 1289 4454 Ἰφιγενείας,
1317 4372 1377 4436 τὸν
1400 4373 1436 4462 δέ
1458 4373 1529 4448 ταῖς
1550 4372 1609 4435 τοῦ
1631 4369 1753 4448 πατρὸς
1777 4369 1854 4434 θυέ-

83 4533 86 4544 ,
158 4493 242 4544 στου
268 4477 302 4542 ἐξ
324 4479 462 4557 Ἀτρέως
484 4481 681 4559 συμφοραῖς,

244 4578 415 4659 Ἐδιδάχθη
445 4581 483 4644 τὸ
516 4579 620 4660 δρᾶμα
657 4580 710 4644 ἐπὶ
740 4579 900 4658 ἄρχοντος
935 4576 1132 4654 Φιλοκλέους
1165 4575 1336 4654 ὀλυμπιάδι
1369 4575 1572 4658 ὀγδοηκοστῇ
1610 4574 1672 4639 ἔτει
1705 4573 1855 4656 δευτέρῳ.

157 4686 294 4760 πρῶτος
316 4679 477 4762 Αἰσχύλος
499 4683 717 4765 Ἀγαμέμνονι,
741 4679 946 4761 Χοηφόροις,
966 4679 1128 4761 Εὐμενίσι,
1150 4679 1278 4774 Πρωτεῖ
1300 4684 1485 4764 σατυρικῷ.Ι
1517 4676 1664 4756 ἐχορήγει
1686 4676 1854 4754 Ξενοκλῆς

158 4784 342 4862 Ἀφιδνεάς.
1359 4827 1365 4842 .

245 4885 407 4964 Θεράπων
424 4886 661 4967 Ἀγαμέμνονος
683 4884 702 4949 δ
725 4883 1011 4964 προλογιῑόμενος,
1034 4882 1105 4961 οὐχί
1127 4881 1146 4946 ὁ
1169 4881 1233 4946 ὑπὸ
1249 4879 1400 4957 Αἰγίσθου
1415 4859 1551 4959 ταχθείς.

246 5165 256 5190 ·
277 5159 459 5208 Personarum
473 5157 564 5208 indice
579 5163 656 5208 caret
668 5157 703 5208 Μ.
