4268 6602
307 1600 1590 1718 ΕΤΡΙΠΙΔΟΥΤΡΩΙΑΔΕΣ

558 2332 627 2406 ΤΑ
653 2331 758 2407 ΤΟὙ
784 2331 1062 2407 ΔΡΑΜΑΤΟΣ
1089 2331 1344 2407 ΠΡΟΣΩΠΑ

257 2517 457 2569 ΠΟΣΕῙΔΩΝ.
996 2520 1199 2572 ΚΑΣΑΝΔΡΑ.

251 2600 393 2652 ·ΑΘΗΝΑ.
995 2603 1232 2655 ΑΝΔΡΟΜΑΧΗ.

255 2686 390 2737 ΕΚΛΒΗ.
486 2743 491 2754 Ι
996 2689 1208 2740 ΜΕΝΕΔΑΟΣ.

255 2771 378 2822 ΧΟΡΟΣ
396 2771 682 2823 ΑΙΧΜΑΑΩΤῙΔΩΝ
700 2769 897 2824 ΤΡΩΙΑΔΩΝ.
998 2774 1135 2826 ΕΔΕΝΗ.

256 2853 479 2906 ΤΑΔΘΤΒΙΟΣ.

764 3324 1132 3427 mmmm.

183 3533 278 3598 Μετὰ
311 3535 369 3612 τὴν
398 3535 489 3600 Ἰλίου
518 3535 677 3614 πόρθησιν
706 3535 816 3602 ἔδοξεν
839 3536 954 3618 Ἀθηνᾷ
975 3555 1009 3601 τε
1031 3537 1081 3600 καί
1102 3537 1287 3601 Ποσειδῶνι
1310 3536 1347 3599 τὸ
1368 3539 1435 3600 τῶν
1457 3535 1591 3614 Ἀχαιῶν
1614 3535 1795 3613 στράτευμα
1897 3609 1898 3612 ¹

95 3637 300 3718 διαφθεῖραι,
328 3641 386 3701 τοῦ
415 3640 472 3715 μὲν
495 3636 691 3715 εὐνοοῦντος
713 3642 751 3721 τῆ
773 3638 866 3702 πόλει
890 3639 941 3702 διὰ
963 3639 1020 3716 τὴν
1042 3639 1161 3721 κτίσιν,
1187 3641 1245 3715 τῆς
1267 3637 1303 3700 δὲ
1325 3636 1509 3716 μισησάσης
1532 3637 1609 3713 τοὺς
1633 3637 1794 3714 Ἑλληνας

97 3738 149 3800 διὰ
172 3739 234 3816 τὴν
258 3735 395 3815 Αἴαντος
418 3738 464 3817 εἰς
489 3738 678 3818 Κασάνδραν
701 3739 799 3820 ὕβριν.
844 3738 875 3803 οἱ
902 3742 937 3803 δὲ
958 3741 1116 3818 Ἑλληνες
1139 3738 1382 3818 κληρωσάμενοι
1403 3739 1562 3817 περὶτῶν
1585 3735 1795 3816 αἰχμαλώτων

94 3842 263 3922 γυναικῶν
296 3839 355 3917 τάς
388 3839 424 3905 ἐν
457 3839 633 3919 ἀξιώμασιν
667 3841 791 3906 ἔδωκαν
824 3841 1032 3922 Ἀγαμέμνονι
1065 3844 1122 3921 μὲν
1157 3841 1362 3922 Κασάνδραν,
1395 3839 1613 3919 Ἀνδρομάχην
1647 3841 1681 3903 δὲ
1717 3839 1796 3903 Νεο-

95 3939 269 4023 πτολέμῳ,
292 3941 480 4020 Πολυξένην
502 3943 538 4006 δὲ
559 3948 605 4026 τῷ
621 3941 765 4020 Ἀχιλλεῖ.
802 3943 919 4022 ταύτην
942 3945 999 4022 μὲν
1022 3941 1081 4009 οὖν
1104 3943 1156 4007 ἐπὶ
1177 3946 1234 4021 τῆς
1257 3945 1315 4005 τοῦ
1331 3942 1501 4020 Ἀχιλλέως
1516 3945 1621 4021 ταφῆς
1637 3939 1795 4021 ἔσφαξαν,

95 4041 322 4107 Ἀστυάνακτα
355 4044 390 4107 δὲ
423 4042 488 4108 ἀπὸ
521 4045 587 4108 τῶν
620 4046 735 4122 τειχῶν
763 4043 913 4124 ἔρριψαν,
946 4045 1080 4124 Ἑλένην
1109 4046 1144 4109 δὲ
1174 4046 1220 4122 ῶς
1249 4043 1437 4109 ἀποκτενῶν
1467 4043 1637 4122 Μενέλεως
1665 4041 1795 4124 ῆγαγεν,

25 4152 27 4160 ’
95 4142 308 4224 Ἀγαμέμνων
338 4145 373 4208 δὲ
399 4145 458 4222 τὴν
487 4145 681 4229 χρησμῳδὸν
703 4144 995 4226 ἐνυμφογώγησεν,
1024 4146 1139 4228 Ἑκάβη
1168 4147 1203 4211 δὲ
1224 4148 1281 4223 τῆς
1304 4131 1360 4224 μὲν
1382 4147 1515 4225 Ἑλένης
1537 4145 1796 4226 κατηγορήσασα,

93 4247 175 4323 τοὺς
206 4244 436 4324 ἀναιρεθέντας
465 4249 500 4310 δὲ
528 4249 766 4327 κατοδυραμένη
782 4250 846 4324 ,καί
872 4249 930 4313 τὸν
958 4248 1175 4314 Ἀστυάνακτα
1202 4247 1389 4327 κηδεύσασα
1416 4248 1499 4326 πρὸς
1527 4247 1584 4325 τὰς
1607 4245 1797 4322 Ὀδυσσέως

93 4345 177 4426 ἤχθη
203 4348 348 4429 σκηνὰς,
369 4347 475 4432 τούτῳ
498 4348 662 4427 λατρεύειν
685 4353 827 4414 δοθεῖσα.

835 4591 850 4598 .-
870 4591 1030 4600 -φ-...μ-..ι--
1041 4591 1064 4597 ..-

183 4755 346 4820 Aelianus
358 4753 398 4820 V.
411 4753 496 4840 H.2,
509 4756 539 4821 8.
566 4755 648 4823 Κατὰ
670 4759 728 4838 τῆν
749 4759 880 4837 πρώτην
903 4759 954 4822 καὶ
975 4757 1190 4837 ἐνενηκοστὴν
1213 4755 1395 4838 ὀλυμπιάδα
1401 4807 1410 4841 ,
1439 4758 1507 4822 καθ’
1527 4757 1567 4835 ἣν
1590 4756 1677 4821 ἐνίκα
1699 4755 1798 4821 Ἐξαί-

91 4879 193 4936 νετος
219 4859 239 4923 ὁ
262 4859 507 4938 ’Ἀκραγαντῖνος
531 4860 674 4943 στάδιον,
697 4859 960 4938 ἀντηγωνίσαντο
984 4857 1137 4938 ἀλλήλοις
1160 4861 1325 4937 Ξενοκλῆς
1348 4862 1399 4924 καὶ
1421 4859 1606 4938 Εὐριπίδης.
1641 4859 1691 4922 καὶ
1713 4863 1798 4936 πρῶ·

88 4961 151 5039 τός
183 4981 224 5038 γε
252 4959 292 5038 ἤν
315 4961 480 5039 Ξενοκλῆς
503 4997 545 5008 -
567 4961 712 5026 Οἰδίποδι
734 4961 784 5024 καὶ
805 4960 943 5026 Λυκάονι
972 4961 1024 5024 καὶ
1047 4961 1183 5040 Βάκχαις
1206 4962 1257 5025 καί
1279 4961 1444 5041 Ἀθάμαντι
1467 4966 1636 5045 σατυρικῷ.
1680 4960 1798 5024 τούτου

88 5063 255 5140 δεύτερος
269 5061 443 5141 Εὐριπίδης
465 5062 505 5141 ἠν
529 5063 725 5147 Ἀλεξάνδρῳ
748 5063 798 5126 καλ
815 5063 999 5140 Παλαμήδει
1022 5064 1071 5126 καὶ
1094 5062 1224 5144 Τρῳάσι
1245 5063 1295 5126 καλ
1319 5063 1455 5147 Σισύφῳ
1478 5068 1647 5146 σατυρικῷ.

165 5833 343 5885 Ευκιτιοιιιι.
