4402 6610
768 529 1061 580 ΣΟσοκλΕοτΣ
1085 527 1318 581 λατιτοαΗ.
1844 527 1881 590 17

200 633 912 641 ————-——-———..—
928 635 938 640 -
953 635 1005 640 .-—-
1038 633 1205 640 -—-—.---
1219 634 1269 638 —-
1299 633 1410 639 ——fl-h—

200 681 352 760 ἑπόμενοι
373 681 411 745 τά
432 683 505 762 περὶ
527 681 626 761 αὐτάς
648 683 857 747 διοτέθεινται.
902 681 952 765 [τό
974 682 1008 744 δέ
1024 683 1126 761 δρῦμα
1140 683 1198 760 τὴν
1214 680 1394 760 ὀνομασίαν
1410 681 1506 761 ἐσχεν
1523 681 1587 746 ἀπό
1603 685 1660 761 τῆς
1675 680 1882 760 παρεχούσης

200 785 257 862 τὴν
281 782 434 849 ὑπόθεσιν
457 784 662 868 Ἀντιγόνης]
706 783 868 849 ὑπόκειται
890 785 925 848 δὲ
946 781 1073 864 ἄταφον
1088 785 1125 846 τό
1142 788 1236 862 σῶμα
1250 784 1486 862 Πολυνείκους,
1509 785 1559 847 καὶ
1575 783 1737 862 Ἀντιγόνη
1753 785 1882 852 θάπτειν

200 885 279 949 αὐτὸ
308 886 486 966 πειρωμένη
514 888 601 966 παρὰ
627 890 684 950 τοῦ
714 888 873 964 Κρέοντος
901 886 1069 950 κωλύεται·
1106 889 1297 967 φωραθεῖσα
1329 887 1364 950 δέ
1398 886 1476 964 αὐτή
1504 887 1674 952 θάπτουσα
1701 886 1883 950 ἀπόλλυται.

198 986 307 1065 Αἵμων
329 1008 362 1052 τε
389 987 409 1052 δ
433 988 593 1067 Κρέοντος
622 988 706 1067 ἐρῶν
734 987 832 1066 αὐτῆς
855 989 904 1052 καί
927 987 1102 1069 ἀφορήτως
1130 988 1215 1066 έχων
1239 988 1289 1052 ἐπὶ
1311 995 1348 1072 τῇ
1371 989 1499 1074 τοιαύτη
1523 983 1675 1071 συμφορᾷ
1698 987 1796 1054 αὐτὸν
1818 992 1883 1050 δια-

200 1089 378 1170 χειρίζεται·
411 1091 469 1170 ἐφ’
492 1091 517 1174 ᾧ
541 1093 591 1154 καί
613 1091 752 1194 ήιμήιηρ
775 1089 928 1169 Εὐρυδίκη
950 1092 1082 1173 τελευτᾷ
1103 1091 1160 1155 τόν
1184 1089 1254 1170 βίον
1277 1090 1408 1175 ἀγχόνῃ.

943 1269 1140 1289 -Δ-ῌ-

861 1414 1224 1536 ΚΠΟΘΕΣΙΣ

284 1617 505 1684 Ἀποθανόντα
524 1617 702 1696 Πολυνείκη
733 1617 768 1683 ἐν
796 1624 842 1704 τῷ
870 1620 955 1697 πρός
983 1620 1040 1685 τὸν
1070 1619 1213 1700 ἀδελφόν
1244 1617 1428 1703 μονομαχίαν
1453 1619 1561 1697 Κρέων
1591 1617 1718 1700 ἄταφον
1741 1617 1884 1697 ἐκβαλὼν

197 1722 343 1802 κηρύττει
364 1721 482 1800 μηδένα
505 1720 604 1785 αὐτόν
627 1721 775 1798 θάπτειν,
797 1721 937 1786 θάνατον
960 1723 1017 1801 τὴν
1040 1723 1150 1802 Ζημίαν
1174 1723 1359 1801 ἀπειλήσας.
1402 1725 1520 1787 τοῦτον
1543 1721 1703 1800 Ἀντιγόνη
1726 1719 1884 1801 ἡάδελφὴ

197 1825 330 1890 θάπτειν
357 1825 507 1904 πειρᾶται.
551 1824 602 1887 καὶ
628 1824 666 1902 δὴ
690 1826 836 1888 λαθοῦσα
857 1825 935 1904 τοὺς
958 1824 1105 1904 φύλακας
1128 1825 1286 1906 ἐπιβάλλει
1310 1828 1414 1904 χῶμα·
1447 1823 1497 1901 οἰς
1519 1824 1682 1887 ἐπαπειλεῖ
1703 1822 1842 1887 θάνατον
1866 1822 1884 1887 ὁ

199 1927 327 2005 Κρέων,
350 1925 376 1990 εἰ
398 1927 438 2004 μὴ
461 1926 518 1991 τόν
540 1929 637 1990 τοῦτο
660 1925 827 2005 δράσαντα
848 1927 1017 2006 ἐξεύροιεν.
1049 1927 1150 1992 σῦτοι
1165 1930 1224 2006 τὴν
1240 1927 1328 1992 κόνιν
1344 1928 1401 2006 τὴν
1419 1926 1663 2006 ἐπιβεβλημένην
1679 1923 1884 2004 καθαίροντες

198 2028 295 2093 Ούδέν
324 2027 421 2106 ἦττον
452 2028 646 2109 ἐφρούρουν.
697 2029 881 2094 ἐπελθοῦσα
908 2031 943 2093 δέ
970 2029 988 2108 ἡ
1012 2030 1174 2109 Ἀντιγόνη
1202 2031 1253 2094 καὶ
1273 2029 1395 2108 γυμνόν
1418 2028 1561 2108 εὑροῦσα
1582 2030 1639 2092 τόν
1662 2029 1776 2107 νεκρόν
1799 2028 1884 2093 ἀνοι-

197 2132 333 2210 μώξασα
360 2131 475 2212 ἑαυτὴν
504 2130 708 2207 εἰσαγγέλλει.
751 2130 868 2209 ταύτην
897 2131 960 2194 ῦπό
989 2133 1054 2196 τῶν
1083 2132 1238 2213 φυλάκων
1266 2131 1528 2210 παραδεδομένην
1558 2131 1666 2211 Κρέων
1694 2130 1886 2196 καταδικάζει

198 2234 249 2297 καί
276 2237 387 2300 Ζῶσαν
410 2231 455 2311 εἰς
481 2232 599 2312 τύμβον
626 2235 796 2312 καθεῖρξεν.
835 2233 893 2330 ,ἐπὶ
919 2232 1047 2313 τούτοις
1070 2235 1192 2313 Αίμων,
1223 2234 1242 2298 ὁ
1273 2235 1431 2313 Κρέοντος
1460 2233 1546 2312 υἱός,
1576 2233 1615 2312 ὃς
1638 2235 1753 2311 ἐμνᾶτο
1778 2232 1885 2311 αὐτὴν,

199 2333 425 2414 ἀγανακτήσας
448 2335 562 2400 ἑαυτὸν
585 2335 847 2417 προσεπισφόιζει
874 2342 910 2420 τι]
934 2335 1012 2420 κόρῃ
1035 2335 1222 2421 ἀπολομένῃ
1246 2336 1383 2420 ἀγχόνη,
1407 2334 1572 2414 Τειρεσίου
1594 2339 1691 2400 τοῦτο
1713 2335 1885 2414 προθεσπί-

200 2453 339 2516 σαντος·
364 2438 423 2518 ἐφ’
446 2439 471 2522 ᾧ
494 2439 671 2516 λυπηθεῖσα
695 2437 864 2519 Εὐρυδίκη,
887 2439 906 2517 ἡ
929 2443 986 2504 τοῦ
1012 2439 1170 2518 Κρέοντος
1191 2441 1325 2519 γαμετὴ,
1348 2439 1463 2516 ἑαυτὴν
1486 2438 1677 2518 ἀποσφάζει.
1722 2437 1771 2501 καί
1792 2438 1886 2516 τέλος

199 2543 308 2619 θρηνεῖ
331 2539 440 2619 Κρέων
463 2539 520 2604 τόν
542 2543 602 2604 τοῦ
625 2541 739 2618 παιδός
762 2543 812 2605 καὶ
833 2544 891 2619 τῆς
912 2545 1049 2620 γαμετῆς
1071 2540 1219 2607 θάνατον.
1908 2539 1914 2550 ’

907 2765 1175 2776 nn*—

517 2931 715 2985 ANTIFONH.
1139 2931 1191 2985 τὸν
1209 2931 1238 2982 δ’
1256 2929 1359 2992 ἀθλίως
1377 2931 1502 2982 θανόντα
1519 2927 1709 2993 Πολυνείκους
1721 2930 1803 2983 νέκυν

266 3007 301 3060 Ὠ
318 3008 413 3060 κοινόν
433 3006 611 3072 αὐτάδελφον
631 3007 757 3074 Ἰσμήνης
775 3007 854 3074 κάρα,
1041 2927 1045 3095 ἰ
1140 3007 1251 3060 ἀστοῖσί
1270 3021 1356 3073 φασιν
1375 3005 1572 3072 ἐκκεκηρῦχθαι
1591 3008 1625 3059 τὸ
1643 3007 1679 3072 μή

267 3084 314 3150 ἀρ’
331 3084 409 3136 οἶσθ’
427 3085 442 3136 ό
460 3099 486 3134 τι
504 3081 574 3145 Ζεύς
591 3087 651 3136 τῶν
670 3083 718 3135 ἀπ’
737 3083 854 3137 Οἰδίπου
872 3088 967 3137 κακῶν
1140 3084 1223 3151 τάφῳ
1243 3083 1365 3148 καλύψαι
1383 3083 1452 3149 μηδέ
1472 3081 1596 3135 κωκῦσαί
1613 3098 1685 3148 τινα,

267 3161 397 3214 ἐλλεῖπον
415 3159 476 3224 Οὐχί
495 3163 554 3226 νῶν
573 3159 613 3211 ἔτι
631 3160 736 3212 Ζῶσαιν
754 3163 843 3224 τελεῖς
1140 3161 1187 3213 έᾶν
1206 3161 1230 3212 δ’
1249 3160 1390 3214 ἄκλαυτον
1409 3158 1519 3224 ἄταφον
1537 3157 1650 3222 σίωνοῖς
1667 3160 1772 3223 γλυκὺν
1905 3217 1909 3225 ,

267 3237 349 3289 οὐδέν
367 3237 420 3303 γάρ
438 3236 503 3289 οὔτ’
521 3235 651 3299 ἀλγεινόν
669 3237 735 3290 οὔτ’
753 3237 889 3302 άτήσιμον
1141 3238 1282 3303 θησαυρὸν
1301 3235 1450 3302 εἰσορμῶσι
1470 3235 1539 3300 πρὸς
1558 3235 1635 3301 χάριν
1653 3237 1743 3301 βαρεῖς.
1862 3249 1886 3289 αα

266 3313 331 3366 οὔτ’
348 3311 466 3379 αἰσχρόν
484 3311 549 3364 οὔτ’
567 3312 667 3376 ἄτιμόν
685 3313 755 3377 ἐσθ’,
775 3313 874 3366 ὁποῖον
893 3311 926 3364 σύ
1018 3325 1029 3360 π
1139 3313 1254 3365 τοιαῦτά
1272 3326 1340 3378 φασι
1358 3313 1408 3364 τόν
1428 3311 1532 3376 ἀγαθόν
1553 3311 1674 3377 Κρέοντα
1692 3313 1736 3365 σοί

266 3393 325 3442 τῶν
344 3393 403 3442 σῶν
421 3403 452 3440 τε
471 3388 567 3450 κάμῶν
586 3388 638 3441 οὐκ
657 3389 758 3441 όπωπ)
774 3389 830 3452 ἐγὼ
849 3391 951 3440 κακῶν.
1140 3389 1235 3454 κάμοί,
1255 3389 1327 3453 λέγω
1345 3388 1398 3453 γὰρ
1416 3387 1496 3452 κάμέ,
1517 3386 1669 3454 κηρύξαντ’
1687 3389 1768 3452 ἔχειν,

267 3465 312 3517 καί
330 3468 382 3516 νῦν
399 3462 427 3516 τί
443 3465 527 3516 τοῦτ’
545 3463 580 3516 σύ
598 3478 666 3528 φασι
686 3463 823 3531 πανδήμῳ
843 3463 923 3516 πόλει
1113 3457 1115 3464 '
1140 3467 1185 3517 καί
1203 3465 1286 3530 δεῦρο
1304 3467 1412 3517 νεῖσθαι
1428 3467 1519 3515 ταῦτα
1531 3469 1603 3516 τοῖσι
1621 3464 1657 3529 μή
1677 3461 1781 3516 εἰδόσιν

266 3541 394 3606 κήρυγμα
412 3543 500 3594 θεῖναι
518 3540 570 3591 τὸν
589 3540 749 3607 στρατηγόν
767 3539 882 3606 ἀρτίως;
1140 3546 1217 3607 σαφῆ
1236 3540 1462 3607 προκηρύξοντα,
1483 3540 1529 3591 καί
1547 3541 1580 3591 τὸ
1599 3541 1708 3605 πρᾶγμ’
1725 3539 1802 3603 ἀγειν

267 3617 336 3682 ἔχεις
354 3634 380 3670 τι
399 3616 595 3682 κείσήκουσας;
614 3619 632 3682 ἦ
652 3631 684 3671 σε
703 3617 833 3670 λανθάνει
1002 3631 1006 3640 ’
1041 3602 1044 3711 ἰ
1141 3617 1192 3682 Οὐχ
1205 3617 1244 3680 ῶς
1256 3619 1322 3683 παρ’
1334 3616 1427 3680 Οὐδέν,
1446 3617 1507 3668 ἀλλ’
1519 3615 1550 3678 ὃς
1562 3615 1596 3666 ἀν
1608 3615 1722 3667 τούτων
1734 3631 1759 3666 τι
1772 3615 1831 3684 δρᾷ,
1862 3628 1887 3668 ³5

267 3694 336 3761 πρὸς
354 3693 421 3757 τοῦς
439 3691 537 3759 φίλους
550 3692 697 3758 στείχοντα
710 3698 769 3746 τῶν
782 3694 890 3759 ἐχθρῶν
903 3691 986 3758 κακός
1007 3705 1044 3744 ιΟι
1141 3694 1233 3760 φόνον
1251 3696 1413 3759 προκεῖσθαι
1431 3692 1623 3757 δημόλευστον
1641 3689 1671 3742 ἐν
1689 3690 1777 3743 πόλει.

536 3779 694 3830 ΙΣΜΗΝΗ.
1140 3770 1232 3832 οὕτως
1251 3770 1304 3834 ἔχει
1323 3781 1367 3821 σοι
1384 3771 1486 3832 ταῦτα,
1507 3769 1551 3819 καί
1569 3766 1664 3828 δείξεις
1681 3766 1753 3831 τάχα

269 3843 327 3911 έμσί
346 3845 395 3910 μέν
414 3844 506 3906 οὐδείς
525 3848 622 3910 μῦθος,
645 3845 804 3914 Ἀντιγόνη,
825 3843 918 3910 φίλων
1141 3844 1196 3898 εἰτ’
1215 3845 1331 3910 εὐγενής
1350 3844 1475 3910 πέφυκας
1494 3843 1548 3896 εἰτ’
1565 3843 1674 3894 ἐσθλῶν
1692 3843 1772 3908 κακή.

262 3921 333 3976 ὀὐθ’
350 3922 418 3987 ἡδύς
436 3921 502 3974 οὐτ’
519 3921 647 3986 ἀλγεινὸς
663 3921 738 3974 ἵκετ’
756 3923 782 3975 ἔξ
801 3921 868 3974 ὅτου
1056 3923 1100 3972 ΙΣ,
1142 3919 1168 3971 τί
1186 3919 1222 3984 δ’,
1242 3919 1265 3970 ῶ
1284 3921 1452 3986 ταλαῖφρον,
1472 3918 1496 3972 εἰ
1513 3917 1581 3970 τάδ’
1599 3919 1628 3970 έν
1647 3919 1769 3983 τούτοις,
1789 3917 1844 3983 ἐγὼ

266 3995 343 4050 δυοῖν
361 3997 497 4062 ἀδελφοῖν
515 3997 705 4063 ἐστερήθημεν
723 3998 783 4062 δὺο,
1141 3996 1242 4049 λύουσ’
1261 3995 1294 4048 ἂν
1313 3997 1329 4062 ἢ
1350 3997 1509 4061 ’φάπτουσα
1528 3995 1700 4062 προσθείμην
1718 3996 1817 4060 πλέον;
1863 4008 1888 4048 ιο

269 4077 316 4140 μιᾷ
334 4073 483 4126 θανόντων
502 4073 590 4140 ήμέρᾳ
608 4073 690 4140 διπλῇ
710 4071 782 4138 χερί·
1056 4077 1113 4127 AN.
1140 4071 1165 4126 εἰ
1183 4072 1368 4138 ξυμπονήσεις
1387 4075 1431 4125 καί
1450 4072 1610 4138 ξυνεργάσει
1628 4074 1735 4125 σκόπει.

267 4147 327 4200 ἔπεί
345 4148 375 4201 δέ
392 4148 515 4215 φροῦδός
533 4148 608 4201 ἔστιν
629 4149 761 4216 Ἀργείων
780 4150 899 4216 στρατός
1007 4161 1030 4201 15
1056 4151 1101 4200 ΙΣ,
1143 4149 1226 4200 ποῖόν
1244 4164 1270 4200 τι
1290 4149 1469 4213 κινδύνευμας
1489 4153 1544 4201 ποῦ
1562 4148 1676 4215 γνώμης
1694 4149 1762 4200 ποτ’
1780 4148 1818 4213 εἰς

267 4223 296 4275 ἐν
314 4225 393 4276 νυκτί
410 4229 446 4292 τῇ
465 4228 525 4288 νῦν,
545 4224 627 4276 Οὐδέν
645 4225 703 4277 οἷδ’
720 4225 884 4290 ὑπέρτερον,
1042 4228 1113 4322 Ιλῖθ.
1140 4223 1164 4278 εἰ
1181 4225 1232 4277 τόν
1249 4226 1349 4290 νεκρόν
1368 4227 1416 4279 ξὺν
1434 4226 1501 4293 τῇδε
1520 4229 1642 4291 κουφιεῖς
1660 4225 1726 4290 χερί.
1786 4265 1789 4284 .

267 4299 333 4352 οὐτ’
350 4298 505 4364 εὐτυχοῦσα
524 4303 628 4365 μάλλον
646 4301 711 4354 οὔτ’
729 4301 867 4367 ἀτωμένη.
1057 4303 1102 4355 ΙΣ,
1141 4303 1158 4366 ή
1176 4300 1228 4365 γάρ
1246 4305 1321 4362 νοεῖς
1339 4300 1456 4354 θάπτειν
1475 4303 1536 4366 σφ’,
1555 4302 1717 4367 ἀπόρρητον
1736 4300 1829 4367 πόλεις

200 4375 258 4426 ΔΝ.
267 4373 320 4442 ήδη
338 4377 443 4440 καλῶς,
463 4373 508 4428 καί
526 4377 558 4429 α’
575 4375 655 4438 ἐκτός
673 4375 796 4428 αὐλείων
814 4379 912 4428 πυλῶν
1057 4379 1114 4430 ΛΝ.
1139 4377 1190 4430 τὸν
1209 4379 1277 4440 γοῦν
1296 4377 1362 4440 ἐμὸν
1381 4377 1432 4430 κοῦ
1448 4379 1500 4431 τόν
1513 4379 1573 4443 σόν,
1592 4379 1627 4443 ἢν
1640 4379 1674 4429 σὺ
1688 4378 1724 4441 μή
1738 4376 1827 4444 θέλῃς.
1862 4389 1888 4428 τυ

267 4450 350 4503 τοῦδ’
366 4451 465 4504 θύνετ’
482 4449 650 4516 ἐξέπεμπον,
670 4451 708 4514 ῶς
727 4453 798 4519 μόνη
818 4451 918 4515 κλύοις.

199 4525 246 4576 ΙΣ.
268 4523 297 4576 τί
314 4525 343 4576 δ’
360 4525 433 4590 ἔστη
452 4527 547 4592 δηλοῖς
564 4526 616 4593 γάρ
634 4543 660 4580 τι
679 4526 862 4592 καλχαίνουσ’
879 4528 955 4590 ἔπος.
1006 4522 1045 4641 ινφ
1124 4533 1165 4584 46.
1184 4528 1320 4594 ἀδελφόν·
1339 4529 1373 4580 Οὐ
1391 4530 1444 4596 γάρ
1461 4531 1495 4594 δή
1516 4530 1653 4595 προδοθσ’
1670 4529 1820 4595 ἁλώσομαι.

200 4599 302 4676 1111.οο
320 4600 373 4666 γάρ
390 4599 483 4666 τάφου
502 4607 562 4669 νῶν
580 4603 623 4655 τιίι
643 4603 802 4669 κασιγνήτω
824 4602 918 4669 Κρέων
1057 4650 1209 4659 -...

268 4675 319 4727 τόν
338 4675 388 4739 μέν
406 4675 548 4743 προτίσας,
568 4679 620 4731 τόν
638 4679 668 4730 δ’
686 4679 819 4744 ἀτιμάσας
837 4679 906 4744 ἔχεῖῐ
992 4729 997 4740 .
1125 4703 1167 4754 29.
1185 4697 1343 4751 ’ἄκλαυτον
1367 4699 1490 4766 ἄταφον]
1521 4699 1633 4765 ἄταφον
1655 4699 1794 4754 ἄκλαυτον

270 4753 413 4806 Ἐτεοκλέα
431 4753 489 4819 μέν,
510 4753 548 4819 ὡς
567 4756 666 4820 ἰίὸίῑθςι
686 4756 756 4809 Κατὰ
775 4757 875 4820 Χθονὸς
1059 4772 1098 4820 30.
1122 4765 1271 4833 εἰσσμμῶσι
1293 4770 1336 4818 vir
1354 4769 1450 4820 doctus
1469 4769 1541 4835 apud
1559 4768 1725 4834 Burtonum]
1757 4757 1886 4835 εἰσορῶσι

268 4829 370 4893 ἔκρυψε
388 4835 447 4892 τοῖς
465 4830 578 4896 ἔνερθεν
597 4831 708 4896 ἔντιμον
726 4837 843 4898 νεκροῖς,
1008 4846 1033 4886 ιτ
1126 4840 1166 4887 31.
1186 4835 1307 4901 Κρέοντα
1324 4838 1368 4888 σοί
1387 4835 1564 4902 βαλσσίετιιι]
1584 4836 1701 4902 κρέοντά
1719 4850 1761 4890 σοι
1847 4843 1887 4892 33.

952 4899 959 4912 “
1044 4908 1131 4997 (τοῖσι
1150 4903 1300 4970 Ηοτιίλῖιιτ]
1320 4908 1379 4965 τοῖς
1448 4909 1487 4958 34.
1507 4904 1729 4971 προκηρύξοντα]
1751 4907 1887 4972 προκηρύ-

1058 4973 1157 5037 ξαντα,
1188 4973 1276 5024 literis
1299 4973 1332 5024 ξα
1353 4974 1383 5022 in
1404 4974 1488 5024 litum
1511 4975 1608 5039 positis
1632 4990 1680 5039 pro
1703 4989 1736 5025 τΟ
1758 4975 1804 5026 vel
1827 4991 1886 5026 ττο.

232 5099 238 5112 1
268 5036 293 5082 2.
311 5028 405 5098 οἷσθ’]
425 5031 489 5085 ἐσθ’
506 5035 539 5085 D.
608 5035 679 5102 ότι]
699 5036 723 5100 ό,
743 5051 768 5087 τι
787 5052 847 5086 cum
866 5036 983 5088 diastole
996 5038 1031 5088 ab
1125 5044 1165 5092 40.
1185 5041 1202 5104 ἢ
1222 5039 1391 5106 ’φάπτουσα]
1412 5042 1429 5105 ή
1448 5039 1595 5097 θάπτουσα
1613 5043 1813 5107 οιιιιιγρ.καίή
1829 5042 1888 5106 ’φά-

203 5097 259 5150 ιιίισ
277 5115 357 5149 manu
375 5101 498 5166 antiqua.
584 5107 607 5155 3.
625 5103 755 5156 ἐλλεῖπον
773 5103 818 5170 ]›.]
844 5103 945 5155 ὁποῖον
1059 5120 1175 5161 πτουσο.
1242 5112 1283 5159 41.
1301 5108 1473 5175 ξυνεργάσει]
1498 5108 1670 5175 ξυνεργάσηι,
1689 5117 1717 5162 et
1735 5113 1775 5162 sie
1794 5127 1822 5176 ηι
1840 5128 1887 5178 pro

201 5171 226 5218 4.
244 5165 380 5230 άτήσιμσν
399 5168 445 5234 D.]
465 5169 534 5236 ἀτης
554 5169 620 5236 άτερ
694 5177 717 5223 5.
736 5171 782 5239 οὐ]
806 5171 877 5235 Οὐχί,
898 5188 976 5224 eraso
995 5174 1030 5238 χί,
1043 5207 1045 5215 1
1058 5191 1081 5226 ει
1099 5193 1125 5231 ν.
1145 5179 1187 5228 86.
1206 5178 1247 5229 90.
1264 5179 1305 5228 93.
1324 5181 1365 5228 94.
1385 5181 1426 5230 93.
1445 5181 1502 5230 230.
1521 5181 1578 5230 234.
1597 5182 1654 5232 241.
1678 5182 1735 5230 317.
1753 5182 1811 5230 442.
1830 5183 1887 5231 510.

202 5235 275 5300 quod
292 5235 420 5288 librarius
444 5239 595 5304 scripserat
612 5241 647 5290 ad
665 5240 765 5292 όπσῖον
784 5239 845 5304 οὐχί
865 5258 891 5295 ν.
909 5245 933 5294 3.
953 5244 1031 5294 aber·
1058 5247 1121 5308 (ubi
1144 5261 1184 5311 pr.
1202 5243 1309 5307 ἔξομεῖ)
1333 5247 1390 5297 691.
1409 5249 1465 5296 752.
1483 5249 1541 5298 818.
1560 5249 1617 5298 822.
1635 5249 1693 5298 998.
1713 5249 1786 5299 1067.
1805 5250 1887 5313 1086,

521 5323 535 5358 σ

972 5313 1014 5372 ῖσς
1058 5313 1107 5365 sed
1126 5312 1253 5364 τσίίσίιιιιι
1271 5312 1396 5374 βουλεύει
1410 5316 1467 5368 772,
1487 5316 1551 5378 quin
1564 5316 1665 5366 tertiae
1678 5331 1813 5382 personae
1825 5333 1886 5368 esse

202 5385 275 5422 ιιιιιε.
344 5376 382 5424 13.
401 5371 463 5438 δύο]
483 5373 557 5436 δύω,
577 5390 592 5427 σ
611 5377 646 5427 ab
665 5377 720 5428 πίίιι
738 5393 772 5432 πι.
843 5381 882 5428 15.
900 5376 1029 5442 ἀργείων,

198 5441 243 5500 ῑος
261 5440 296 5490 ab
314 5440 373 5492 alia
390 5457 423 5491 m.
484 5447 523 5494 18.
541 5443 593 5509 ήδη
611 5447 758 5498 I'iersonus
778 5445 863 5511 (quod
876 5447 943 5512 legit
956 5449 1030 5499 scho-
1058 5449 1212 5500 videbatur.
1281 5452 1322 5500 42.
1341 5448 1432 5516 *πού]
1453 5453 1500 5502 ποῖ
1569 5454 1609 5506 44.
1629 5449 1660 5516 ή]
1681 5385 1718 5513 ἐί,
1742 5451 1759 5516 ή
1779 5453 1813 5504 αδ
1832 5453 1887 5503 alia

203 5506 297 5570 ἰῖιιστιι,
317 5511 363 5572 qui
380 5513 525 5562 annotavit
538 5511 601 5563 ἀντί
613 5516 664 5568 τοῦ
678 5512 769 5580 ῄδεα)]
784 5512 879 5576 ήιδειν.
903 5515 982 5564 Οσιιί.
995 5515 1030 5565 ad
1058 5534 1091 5566 m.
1110 5522 1166 5567 ant.
1236 5519 1276 5568 45.
1294 5515 1345 5568 κού
1363 5515 1409 5582 D.]
1430 5518 1475 5568 καί
1543 5522 1584 5570 46.
1603 5521 1681 5570 Είεαί
1700 5537 1806 5572 versum
1826 5537 1886 5586 spu-

203 5589 231 5624 ν.
248 5577 306 5627 448.
323 5581 380 5630 400.
461 5582 502 5632 23.
522 5578 559 5641 ὼς
578 5579 663 5643 νόμος
687 5582 749 5658 (ἰχοσ
769 5584 852 5633 etiam
870 5583 1029 5646 Kayserus),
1058 5585 1140 5645 ιῖυιιι,
1165 5581 1290 5649 ἀδελφόν
1307 5613 1341 5622 -
1359 5583 1515 5650 ἁλώσομαι,
1539 5587 1571 5638 de
1596 5605 1649 5653 quo
1678 5589 1828 5640 σολοίίιιυία
1852 5589 1886 5639 ad

203 5641 277 5721 κατά
296 5643 395 5725 χθονὸς
412 5643 457 5712 D.]
479 5645 517 5709 ῶς
535 5647 645 5710 λέγουσι
663 5649 716 5702 σὺν
734 5645 794 5715 δίκη
817 5649 821 5716 Ι
842 5651 972 5716 χρησθείς
993 5651 1029 5702 δι-
1057 5669 1082 5704 v.
1101 5655 1141 5703 45.
1176 5651 1296 5716 Δίδυμος
1324 5651 1353 5704 δέ
1375 5665 1461 5718 φησιν
1479 5652 1535 5706 ὑπὸ
1553 5653 1612 5707 τῶν
1629 5657 1886 5722 ύπσμνημστιστῶν

204 5724 269 5776 καιφ
289 5725 333 5762 και
351 5712 428 5779 νόμῳ
448 5715 519 5767 κατὰ
537 5717 636 5780 χθονὸς
1056 5720 1108 5773 τόν
1126 5719 1187 5784 ἑξῆς
1204 5719 1300 5784 στίχον
1319 5723 1507 5774 νενοθεῦσθαι.

275 5795 446 5850 βοειιοσικε.
1664 5809 1684 5873 3
