4330 6616
505 1547 1807 1650 ΑΓΣΧΥΑΟΥΠΕΡΣΑΙ.

746 2077 816 2188 ΤΛ
856 2077 960 2153 Tor
999 2078 1279 2154 ΔΡΛΜΑΤΟΣ
1310 2077 1566 2153 ΠΡΟΣΩΠΑ

759 2264 882 2314 ΧΟΡΟΣ
905 2205 1110 2317 unrouduu.
1204 2265 1369 2317 ΕΙΔΩΛΟΝ
1388 2266 1560 2318 copulor.

756 2350 909 2400 ΑΤΟΣΣΑ.
1204 2345 1363 2408 aurant.

756 2435 937 2488 ΑΓΓΕΛΟΣ.

973 2911 1338 2988 ὙΠΟΘΕΣΙΣ

398 3117 536 3192 Γλαῦκος
560 3114 686 3192 ἐντοῖς
708 3115 781 3192 περί
803 3113 962 3192 Αἰσχύλου
985 3115 1096 3194 μύθων
1118 3115 1241 3180 ἐκτῶν
1264 3116 1453 3180 Φοινισσῶν
1477 3129 1557 3196 φησι
1581 3116 1742 3197 Φρυνίχου
1765 3119 1843 3196 τούς
1866 3117 2006 3195 Πέρσας

311 3219 602 3296 παραπεποιῆσθαι.
647 3215 784 3296 ἐκτίθησι
808 3217 843 3279 δὲ
866 3217 917 3281 καί
938 3217 995 3293 τὴν
1018 3215 1120 3295 ἀρχὴν
1141 3222 1199 3281 τού
1223 3217 1385 3296 δράματος
1407 3217 1543 3301 ταύτην,

756 3317 832 3382 Τάδ’
854 3317 922 3382 έστί
943 3319 1084 3396 Περσῶν
1106 3323 1171 3384 τῶν
1193 3319 1292 3383 πάλαι
1316 3321 1505 3399 βεβηκότων.

312 3423 395 3499 πλὴν
425 3421 490 3486 ἐκεῖ
516 3419 674 3498 εὐνοῦχός
702 3419 791 3484 ἐστιν
819 3417 986 3496 ἀγγέλλων
1015 3421 1049 3484 έν
1078 3420 1159 3503 ἀρχῇ
1182 3421 1239 3498 τὴν
1268 3423 1327 3485 τοῦ
1355 3421 1478 3500 Ξέρξου
1501 3421 1614 3506 ἧτταν,
1638 3422 1779 3501 στορνύς
1802 3443 1835 3487 τε
1858 3423 2004 3501 θρόνους

311 3524 401 3601 τινάς
424 3524 492 3600 τοῖς
509 3526 572 3600 ’τῆς
595 3521 695 3601 ἀρχῆς
718 3522 907 3604 παρέδροις,
931 3521 1066 3586 ἐνταῦθα
1088 3523 1124 3586 δὲ
1146 3523 1329 3613 προλογίῑει
1352 3525 1454 3603 χορός
1477 3529 1677 3604 πρεσβυτῶν.
1716 3526 1766 3590 καί
1789 3526 1877 3590 ἔστιν
1900 3525 1919 3604 ἡ
1946 3527 2006 3604 μὲν

313 3626 413 3703 σκηνὴ
435 3629 494 3689 τοῖι
517 3623 678 3702 δράματος
700 3623 787 3701 παρὰ
808 3627 854 3706 τῷ
877 3623 971 3706 τάφῳ
987 3624 1139 3702 Δαρείου.
1176 3624 1195 3703 ἡ
1219 3626 1253 3688 δὲ
1276 3624 1447 3709 ύπόθεσις,
1470 3625 1591 3706 Ξέρξης
1615 3626 1898 3706 στρατευσάμενος
1921 3627 2007 3691 κατὰ

311 3731 368 3805 τῆς
391 3727 549 3804 Ἑλλάδος
572 3727 649 3806 μετὰ
671 3725 839 3804 δυνάμεως
862 3727 1003 3809 πολλῆς,
1032 3725 1134 3790 ἰ’ππον
1156 3729 1214 3807 μέν
1237 3725 1375 3807 ἄμετρον
1398 3727 1616 3808 ἐπαγόμενος,
1646 3732 1725 3806 ναύς
1749 3729 1784 3792 δὲ
1805 3728 1909 3806 χιλίας
1934 3734 2005 3793 δια-

311 3828 424 3906 κοσίας
447 3828 543 3910 ἑπτά,
572 3829 591 3906 ἢ
614 3823 664 3892 καὶ
686 3827 942 3906 δεκατέσσαρας
981 3828 1032 3891 καὶ
1053 3834 1131 3912 πεζῇ
1154 3830 1211 3908 μὲν
1236 3829 1468 3908 ἐνΠλαταιαῖς
1491 3832 1644 3914 νικηθείς,
1667 3836 1796 3914 ναυτικῇ
1821 3829 1914 3894 δὲέν
1941 3833 2004 3894 Σα-

312 3933 434 4011 λαμῖνι,
456 3931 507 3994 καί
529 3930 581 3993 διὰ
603 3929 788 4007 Θεσσαλίας
811 3929 944 4010 φεύγων
967 3930 1176 4008 διεπεραιώθη
1199 3930 1245 4008 εἰς
1268 3934 1325 4009 τὴν
1349 3931 1466 3997 Ἀσίαν.

394 4032 465 4096 Ἐπί
490 4032 648 4109 Μένωνος
671 4033 846 4154 τραγῳδῶν
869 4030 1029 4109 Αἰσχύλος
1052 4031 1138 4097 ἐνίκα
1160 4032 1265 4110 Φινεῖ,
1287 4032 1448 4116 Πέρσαις,
1472 4033 1492 4097 Γ
1494 4034 1629 4118 λαύκωῖ,
1652 4034 1825 4113 Προμηθεῖ.

395 4252 552 4321 Τλαύκῳ]
574 4253 690 4306 Ποτνιεῖ
703 4253 811 4304 addidit
823 4254 975 4305 scholiasta
988 4255 1136 4317 recentior,
1159 4253 1267 4321 ποντίῳ
1281 4257 1453 4306 Welclrcrus.
1488 4255 1519 4306 In
1535 4256 1693 4308 dillnscnliis
1712 4256 1799 4306 solum
1813 4257 1934 4322 positum
1952 4257 2008 4307 fuit

312 4325 408 4376 Glauci
425 4340 535 4389 ιιοπιοιι,
554 4329 585 4373 ut
602 4321 746 4387 Προμηθεῖ
763 4323 892 4387 scripturn
910 4322 976 4385 luit,
995 4337 1094 4374 omisso
1110 4322 1259 4388 πυρφόρον
1283 4326 1391 4375 nornine
1399 4340 1478 4390 ‚quo
1496 4326 1666 4390 grammatici
1680 4325 1773 4376 drnmn
1786 4325 1837 4374 hoc
1850 4327 2006 4388 satyricum

312 4395 346 4443 ιδ
363 4393 468 4444 duobus
484 4364 672 4442 dislinxerunt
689 4389 853 4454 tragoediis,
873 4406 942 4455 quno
960 4362 1127 4455 Προμηθεὺς
1147 4391 1294 4457 δεσμώτης
1313 4401 1340 4443 et
1352 4363 1519 4458 Πρόμηθεὺς
1532 4392 1668 4456 λούμενος
1682 4394 1832 4458 inscriptae
1847 4399 1921 4442 suut.
1962 4393 2006 4443 Do

312 4477 364 4526 quc
376 4462 482 4512 ratione
496 4461 573 4510 dixi
566 4476 594 4509 ιιι
608 4459 841 4510 Annotctionibns
853 4459 888 4508 sd
908 4459 1069 4524 Sophoclem
1084 4476 1108 4524 p
1122 4461 1180 4511 277.
1195 4461 1238 4510 ed.
1251 4462 1338 4514 Oxon.
1353 4479 1377 4518 ιι
1393 4464 1465 4512 1836.

378 4806 450 4859 Τάδε
464 4806 515 4870 μὲν
526 4805 649 4873 Περσῶν
661 4809 721 4859 τῶν
733 4805 890 4872 οἰχομένων

377 4883 484 4935 Ἑλλάδ’
496 4882 523 4946 ἐς
536 4883 601 4935 αῖον
614 4885 700 4936 πιστὰ
713 4883 849 4948 καλεῖται,

378 4961 423 5012 καί
435 4963 495 5011 τῶν
507 4960 624 5025 ἀφνεῶν
637 4961 682 5012 καί
696 4960 884 5025 πολυχρύσων

1236 4807 1285 4871 οὓς
1297 4807 1384 4872 αὐτὸς
1397 4809 1464 4863 άνοξ
1476 4807 1581 4876 Ξέρξης
1594 4810 1722 4874 βασιλεύς
1757 4851 1763 4856 .

1236 4886 1425 4950 Δαρειογενὴς

1237 4959 1329 5014 είλετο
1341 4961 1434 5028 χώρας
1447 4961 1602 5028 ἐφορεύειν.

1236 5037 1307 5103 ἀμφί
1319 5037 1350 5090 δέ
1362 5037 1457 5105 νόστῳ
1471 5041 1512 5103 τῷ
1527 5037 1657 5107 βασιλείῳ

1236 5115 1281 5166 καί
1293 5115 1471 5180 πολυχρύσου
1484 5118 1615 5180 στρατιάς
1627 5117 1680 5181 ἤδη

1236 5189 1403 5253 κακόμαντις
1415 5191 1487 5256 ἄγαν
1499 5191 1697 5256 ὀρσολοπεῖται

1236 5267 1323 5328 θυμός
1336 5266 1456 5332 ἔσωθεν,

1236 5344 1311 5394 πάσα
1323 5341 1375 5407 γάρ
1389 5341 1466 5408 ίσχύς
1479 5343 1676 5410 Ἀσιατογενὴς

663 4731 794 4783 ΧΟΡΟΣ.
1154 4733 1158 4974 ῳ
1237 4731 1363 4798 ἑδράνων
1375 4733 1512 4798 φύλακες,
1532 4734 1603 4787 κατὰ
1615 4733 1766 4800 πρεσβείαν

1154 4977 1157 5011 ι

1154 5092 1156 5135 Ι

311 5093 459 5110 ..-.4-.--

377 5167 523 5216 Persarum
535 5181 560 5215 v.
569 5168 674 5218 1—705
678 5181 765 5232 ‚quos
777 5164 901 5216 continet
911 5165 1014 5215 codicis
1024 5158 1156 5216 Medicei
1153 5182 1156 5219 1

311 5236 453 5298 quaternio
467 5246 510 5296 ις,
525 5235 559 5283 ab
573 5235 667 5284 cedem
680 5250 763 5285 ιιιιιιιιι
775 5233 873 5299 scripti
883 5239 946 5283 sunt
956 5250 1025 5297 quae
1036 5239 1140 5315 septem

311 5303 423 5368 scripsit
436 5272 582 5366 Sophoclis
592 5302 761 5380 tragoedico
779 5293 1089 5368 quaternionibusu—
1103 5294 1142 5352 ιε’.

309 5369 439 5434 Reliquos
449 5370 512 5418 inde
523 5371 556 5420 nb
568 5361 598 5422 ιζ’
609 5371 806 5434 quaterniones
816 5371 906 5420 alteru
915 5385 1011 5419 munus
1022 5371 1141 5436 scripsit.

376 5463 400 5509 2.
418 5459 532 5524 *niord]
553 5459 646 5513 πίστα.
676 5465 761 5514 Recte
775 5463 861 5516 schol.
877 5459 1141 5526 οίύπομνηματισό-

309 5526 387 5588 μενοί
411 5543 497 5592 φασιν
518 5529 561 5578 ότι
583 5528 700 5590 ἑαυτοὺς
717 5529 847 5594 λέγουσιν
865 5528 1034 5593 πιστώματα
1053 5530 1155 5592 (sien¹
1234 5532 1258 5581 6.
1271 5528 1458 5594 Δαρειογενὴς
1471 5529 1632 5614 Triclinius]
1647 5529 1824 5595 δορειογενὴς
1838 5527 1907 5591 υίὸς,
1921 5530 2009 5582 illato

310 5594 804 5663 171.)Περσῶνοίκατὰτόνχορόν,
819 5599 1140 5650 sedcdditocommento
1167 5598 1340 5662 glossemate.
1409 5601 1432 5648 θ.
1438 5597 2010 5663 πολυχρύσουστρατιᾶς]πολυχρύσους

310 5665 491 5728 perithon-do,
513 5655 645 5727 ἀγνοοῦσι
663 5665 693 5717 δέ
711 5667 753 5718 ότι
770 5667 852 5728 πόλις
873 5665 933 5718 ἐστί
950 5664 1074 5732 Περσικὴ
1091 5663 1141 5718 Πί-
1166 5665 1298 5729 στρατιὰς
1366 5666 1556 5731 πολυχρύσου]
1581 5669 1680 5732 Aptius
1693 5668 1756 5717 huic
1770 5668 1827 5716 loeo
1841 5682 1901 5716 esse
1916 5666 2010 5718 πολυ

308 5745 416 5797 στειρα,
436 5731 472 5798 ἣν
485 5732 630 5799 συγκόψας
641 5733 734 5786 Πιστά
748 5732 864 5798 (Πίστει)
878 5735 943 5799 ἔφη.
1167 5748 1256 5798 χειρος
1270 5733 1354 5800 (ηιιού
1367 5734 1469 5799 legitur
1481 5752 1505 5789 ν
1520 5737 1560 5784 82
1566 5737 1573 5795 )
1588 5741 1679 5786 monet
1693 5736 1818 5786 Weilius

2043 5845 2072 6009 ί
