4210 6604
339 1421 974 1524 ΕΥΡΙΠΙΔΟΥ
1044 1419 1572 1520 ΟΡΕΣΤΗΣ.

820 1763 1084 1772 -ῇ--α--μ-

555 1971 624 2089 τί
651 2016 756 2091 τοι
782 2015 1063 2090 ΔΡΑιιΑτοΣ
1090 2015 1347 2090 ΠΡοΣιιιτΑ

659 2238 844 2287 ιιλιτκτιλ.
951 2219 953 2313 ί
1033 2237 1264 2287 ττκοιιωιιο.

659 2321 797 2373 mmm.
950 2342 952 2405 χ
1034 2322 1223 2372 mmm

660 2406 836 2457 υΡιιιοιιΗ.
1033 2405 1212 2456 Ammon.

660 2490 791 2540 κοΡοΣ.
950 2456 952 2581 ί
1033 2486 1142 2546 αντε.

660 2575 840 2625 οΡιιΣτιτΣ.
951 2584 952 2593 ¹
1032 2573 1224 2626 ιιιολλιιιι.

659 2659 871 2711 μουυλιοε.
949 2628 951 2720 J

303 3177 306 3182 Ι
373 3081 789 3160 ,λΡιΣτοοΑιιονΣ
816 3083 1199 3160 ΓΡΑιιιτλτικοι
1223 3082 1504 3158 τιτοοοΣιΣ.
1531 3031 1535 3038 ’

182 3250 206 3314 Ι.
251 3251 405 3332 Ὀρέστης
435 3256 485 3318 διὰ
514 3257 572 3333 τὴν
599 3260 657 3332 τῆς
685 3255 805 3333 μητρὸς
836 3255 967 3334 σφαγὴν
996 3253 1059 3333 ἅμα
1086 3255 1137 3317 καί
1165 3252 1228 3318 ύπό
1261 3257 1326 3317 τῶν
1354 3253 1509 3331 Ἐρινύων
1538 3255 1799 3336 δειματούμενος,

92 3355 145 3417 καὶ
162 3351 228 3418 ύπό
251 3359 317 3418 τῶν
341 3355 492 3433 Ἀργείων
514 3358 711 3434 κατακριθείς
734 3357 873 3439 θανάτῳ,
897 3357 1024 3434 μέλλων
1051 3355 1204 3435 φονεύειν
1226 3355 1359 3432 Ἑλένην
1382 3355 1431 3418 καὶ
1454 3353 1635 3437 Ἑρμιόνην,
1658 3353 1728 3419 ἀνθ’
1751 3354 1799 3419 ῶν

92 3455 267 3532 Μενέλαος
290 3458 404 3534 παρὼν
425 3459 484 3523 οὐκ
507 3459 680 3541 ἐβοήθησε,
708 3458 881 3534 διεκωλύθη
905 3457 969 3521 ύπό
992 3457 1210 3534 Ἀπόλλωνος.
1254 3457 1329 3533 παρ’
1352 3456 1513 3538 οὐδετέρῳ
1536 3459 1571 3520 δὲ
1594 3459 1693 3520 κεῖται
1708 3457 1727 3534 ἡ
1743 3479 1798 3534 μυ-

90 3557 235 3621 θοποιία.
274 3557 365 3637 ἡμὲν
382 3562 483 3638 σκηνὴ
506 3565 564 3625 τού
587 3559 749 3639 δράματος
773 3559 935 3648 ὑπόκειται
958 3560 993 3624 ἐν
1012 3559 1128 3642 Ἄργει,
1152 3559 1171 3622 δ
1194 3559 1230 3621 δὲ
1252 3557 1353 3636 χορός
1370 3557 1568 3634 συνέστηκεν
1585 3559 1618 3621 ἐκ
1634 3562 1798 3633 γυναικῶν

89 3659 249 3738 Ἀργείων
272 3659 482 3735 ἡλικιωτίδων
505 3662 693 3744 Ἠλέκτρας,
722 3663 756 3724 οἳ
782 3663 833 3724 καὶ
855 3661 1088 3740 παραγίνονται
1112 3661 1193 3738 ύπὲρ
1216 3665 1273 3737 τῆς
1296 3664 1354 3724 τού
1378 3659 1536 3737 Ὀρέστου
1558 3658 1799 3739 πυνθανόμεναι

90 3765 282 3840 συμφορᾶς.
327 3762 509 3839 προλογίῑει
532 3766 567 3828 δὲ
590 3764 751 3841 Ἠλέκτρα.
795 3763 832 3827 τὸ
856 3763 891 3826 δὲ
912 3767 1016 3840 δρᾶμα
1038 3762 1262 3841 κωμικωτέραν
1286 3762 1351 3838 ἔχει
1372 3763 1431 3838 τὴν
1453 3761 1692 3841 καταστροφήν.

181 3859 223 3924 Π.
266 3855 360 3926 Ἡδὲ
383 3867 534 3944 διασκευὴ
557 3869 615 3930 τού
639 3865 801 3944 δράματός
824 3865 892 3929 ἐστι
907 3864 1050 3942 τοιαύτη·
1073 3865 1158 3942 πρὸς
1179 3864 1220 3928 τὰ
1234 3868 1292 3928 τού
1307 3862 1545 3940 Ἀγαμέμνονος
1562 3863 1705 3942 βασίλεια
1720 3861 1798 3926 ὑπό-

88 3983 196 4028 κειται
220 3963 374 4042 Ὀρέστης
397 3966 528 4044 κάμνων
550 3967 599 4030 καὶ
628 3968 772 4044 κείμενος
795 3967 859 4030 ύπό
882 3967 995 4045 μανίας
1018 3965 1070 4030 ἐπὶ
1092 3965 1260 4048 κλινιδίου,
1290 3967 1316 4048 ᾧ
1345 3965 1596 4044 προσκαθέζεται
1622 3967 1706 4044 πρὸς
1728 3967 1799 4041 τοῖς

82 4065 198 4158 ,ποσὶν
218 4065 376 4144 Ἠλέκτρα.
421 4073 621 4147 διαπορείται
644 4070 680 4133 δὲ
701 4067 730 4132 τί
753 4069 872 4145 δήποτε
896 4067 936 4132 ού
958 4069 1042 4145 πρὸς
1065 4073 1102 4150 τῇ
1126 4071 1258 4150 κεφαλῇ.
1304 4067 1390 4131 οὕτω
1413 4069 1448 4130 δέ
1472 4069 1593 4147 μᾶλλον
1618 4067 1719 4131 ἐδόκει
1741 4065 1799 4129 τὸν

87 4167 243 4246 ἀδελφὸν
265 4170 420 4251 τημελεῖν,
442 4172 671 4249 πλησιαίτερον
695 4171 781 4234 οὕτω
804 4168 1097 4249 προσκαθεζομένη.
1132 4167 1236 4233 ἔοικεν
1260 4165 1319 4233 οὖν
1343 4169 1396 4233 διὰ
1417 4170 1475 4233 τὸν
1499 4169 1599 4248 χορὸν
1623 4169 1641 4232 δ
1664 4168 1799 4245 ποιητὴς

86 4267 317 4334 διασκευάσοι.
356 4271 508 4350 διηγέρθη
530 4273 592 4349 γὰρ
615 4272 654 4336 ἂν
678 4272 833 4350 Ὀρέστης
855 4271 925 4349 άρτι
947 4271 996 4334 καὶ
1019 4270 1110 4349 μόλις
1133 4272 1351 4354 καταδαρθεὶς,
1373 4270 1601 4348 πλησιαίτερον
1624 4269 1711 4354 αὐτῷ
1734 4276 1799 4333 τῶν

87 4371 178 4434 κατὰ
205 4372 264 4434 τὸν
293 4373 394 4449 χορόν
421 4382 581 4448 γυναικῶν
610 4374 870 4452 παρισταμένων.
916 4371 985 4437 ἔστι
1007 4373 1043 4435 δὲ
1066 4369 1250 4450 ὑπονοῆσαι
1272 4377 1370 4436 τούτο
1393 4373 1426 4437 ἐξ
1449 4371 1497 4435 ὼν
1521 4388 1622 4452 φησιν
1646 4371 1800 4448 Ἠλέκτρα

84 4481 136 4556 τῷ
164 4479 256 4556 χορῷ
279 4471 382 4548 ’(σίγα
404 4477 496 4549 σίγα,
521 4478 639 4540 λεπτὸν
662 4473 755 4553 ἴχνος
778 4474 949 4554 ἀρβύλης)
994 4473 1131 4538 πιθανὸν
1155 4472 1219 4538 ούν
1238 4473 1356 4552 ταύτην
1372 4473 1454 4538 εἶναι
1476 4475 1533 4551 τὴν
1556 4473 1725 4554 πρόφὰσιν
1741 4476 1798 4550 τῆς

84 4573 249 4651 τοιαύτης
271 4575 456 4653 διαθέσεως.

182 4671 241 4737 ΠΙ.
285 4675 330 4739 Τό
353 4681 457 4755 δρᾶμα
478 4683 543 4744 τῶν
567 4678 618 4742 έπί
641 4683 763 4758 σκηνῆς
779 4677 1051 4758 εὐδοκιμούντων,
1075 4680 1238 4757 χείριστον
1261 4679 1296 4741 δὲ
1318 4681 1389 4754 τοῖς
1411 4677 1511 4756 ἤθεσι.
1545 4677 1630 4754 πλὴν
1652 4677 1714 4754 γὰρ
1733 4675 1799 4739 Πυ-

83 4777 202 4842 λάδου
225 4777 345 4856 πάντες
368 4783 489 4858 φαῦλοι
510 4779 596 4857 ἦσαν
617 4829 622 4840 .

819 4973 1081 4982 m

425 5189 611 5238 HAEKTPA.
949 5205 951 5217 ι
1032 5187 1113 5252 δγάρ
1126 5188 1271 5253 μακάριος,
1291 5187 1360 5240 κούκ
1374 5186 1500 5240 ὀνειδίζω
1513 5188 1612 5251 τύχας,
1632 5223 1637 5236 .

163 5261 229 5315 Ούκ
242 5261 319 5314 ἔστιν
331 5261 415 5314 οὐδὲν
428 5264 521 5315 δεινόν
536 5263 586 5314 ιλιδ’
599 5261 690 5315 εἰπεῖν
702 5263 783 5325 ἔπος,
801 5295 806 5300 -
949 5271 951 5313 ι
1030 5264 1099 5326 Διὸς
1112 5264 1263 5329 πεφυκὼς,
1284 5262 1323 5326 ὡς
1337 5263 1463 5328 λέγουσι,
1483 5262 1629 5326 Τάνταλος
1786 5276 1798 5314 ι

161 5336 234 5388 ούδέ
246 5336 347 5402 πόθος,
366 5339 433 5391 οὐδὲ
446 5339 579 5404 συμφορά
593 5338 745 5403 θεήλατος,
1032 5343 1158 5404 κορυφῆς
1170 5339 1382 5403 ὑπερτέλλοντα
1394 5338 1544 5401 δειμαίνων
1558 5339 1663 5405 πέτρον

162 5413 200 5478 ἡ(
213 5411 268 5464 οὐκ
280 5413 315 5464 ἂν
327 5413 417 5480 ἄραιτ’
429 5414 513 5479 άχθος
525 5413 679 5479 ἀνθρώπου
692 5414 784 5479 φύσις.
949 5394 950 5429 ¹
1030 5414 1089 5479 ἀέρι
1103 5418 1236 5479 ποτᾶται,
1256 5415 1301 5467 καί
1313 5415 1382 5468 τίνει
1394 5415 1504 5480 ταύτην
1518 5414 1612 5481 δίκην,

1032 5491 1070 5553 ὡς
1084 5490 1134 5554 μέν
1146 5489 1290 5557 λέγουσιν,
1309 5491 1353 5542 ότι
1365 5493 1438 5555 θεοῖς
1451 5490 1602 5556 ἄνθρωπος
1618 5491 1659 5544 ὢν

79 5537 249 5548 -.ι-..Η-

161 5595 208 5644 Βο
223 5590 365 5643 codicibus
377 5594 459 5644 huius
473 5593 583 5644 fabulae
595 5609 678 5658 supra
692 5591 810 5643 diximus
823 5610 848 5658 p.
862 5595 902 5644 88.

951 5652 952 5663 1
965 5627 1141 5678 accusativos
1154 5629 1189 5678 ab
1203 5624 1294 5679 εἰπεῖν
1306 5629 1426 5694 pendere
1441 5633 1524 5680 ratus.
1594 5635 1617 5681 3.
1631 5627 1796 5702 ἀνθρώπου]

139 5767 148 5778 .
164 5697 190 5744 2.
202 5693 337 5756 συμφορὰ
349 5693 499 5760 θεήλατος]
506 5694 656 5776 συμφοράν
668 5693 809 5776 θεηλάτου
816 5692 936 5776 (εοᾱηιιά-
951 5668 953 5787 ί
966 5693 1128 5776 ἀνθρώπων
1142 5696 1164 5743 V
1177 5700 1206 5746 et
1215 5697 1357 5778 Luciapus
1368 5697 1453 5764 Ocyp.
1467 5699 1522 5748 167.

75 5765 209 5830 ιιοηρίο
223 5775 242 5812 α
255 5761 435 5827 είοσ)Μλίοί
447 5763 826 5830 schol.M,qu1nom1nat1vos
839 5768 938 5822 τοιιοιί,
952 5802 954 5811 .
1034 5765 1058 5816 7.
1071 5776 1181 5832 ταυτην
1193 5761 1372 5834 δ.]δ.ταυτην
1385 5766 1416 5815 V.
