4194 6608
348 1443 1044 1548 ΑΡΙΣΤΟΦΑΝΟΤΣ
1114 1451 1550 1552 ΑΧΑΡΝΗΣ.

533 1989 600 2065 ΤΑ
626 1987 733 2068 Tor
772 1994 1050 2072 ΔΡΑΜΑΤΟΣ
1100 1995 1364 2072 ΠΡΟΣΩΠΑ“

105 2204 360 2258 ΔΙΚΑΙΟΙΙΟΛῘΣ.
708 2217 831 2270 ΧΟΡΟΣ
849 2217 1054 2270 intrusam.
1272 2220 1534 2274 ΣΤΚΟΦΑΝΤΗΣ.

103 2286 240 2346 ΚΙΙΡΤΞ.
707 2302 811 2354 FTNH
828 2303 1050 2366 Δικαιοπόλιδος.
1271 2305 1444 2358 amaroz.

103 2375 305 2428 ΑΜΦΙΘΕΟΣ.
342 2437 344 2442 ,
708 2385 881 2438 ΘΤΓΑΤΗΡ
898 2387 1119 2450 Δικαιοπόλιδος.
1271 2390 1468 2442 ΝΙΚΑΡΧΟΣ.

103 2459 290 2512 ΠΡΕΣΒΕΙΣ
318 2462 474 2530 Ἀθηναίων
495 2466 571 2531 παρά
594 2469 639 2531 βα·
707 2472 936 2524 ΚΗΦΙΣΟΦΩΝ.
1270 2475 1450 2528 ΘΕΡΑΠΩΝ
1468 2474 1606 2540 Λαμάχου.

136 2543 238 2608 σιλέως
254 2546 381 2611 ἥκοντες.
708 2557 923 2608 ΕΤΡΙΠΙΔΗΣ.
1270 2559 1448 2614 ΓΕΩΡΓΟΣ.

103 2629 388 2686 ΨΕΤΔΔΡΤΑΒΑΣ.
707 2640 894 2692 ΛΔΜΑΧΟΣ.
1269 2645 1537 2698 ΠΑΡΑΝΤΜΦΟΣ.

102 2715 258 2768 ΘΕΩΡΟΣ.
707 2727 915 2778 ΜΕΓΔΡΕΤΣ.
1270 2731 1439 2783 ΑΓΓΕΔΟΙ.

278 2827 282 2844 =
707 2812 804 2862 KOPA
817 2811 952 2876 θυγατέρε
964 2815 1016 2863 τοθ
1030 2809 1190 2877 Μεγαρέως.

846 3018 934 3026 ...-.-
946 3018 1044 3025 uu..-

754 3185 1135 3287 npoonsrsr.

187 3383 354 3465 Ἐκκλησία
375 3385 557 3467 ὑφέστηκεν
580 3390 749 3470 Ἀθήνησιν
772 3391 875 3476 ἐντῷ
898 3396 1048 3475 φανερῷ,
1077 3391 1144 3455 καθ’
1165 3391 1205 3468 ἣν
1227 3392 1527 3469 πολεμοποιοῦντας
1549 3391 1628 3469 τοὺς
1651 3390 1788 3469 ῥήτορας

99 3485 151 3548 καὶ
171 3491 353 3567 προφανῶς
376 3489 433 3554 τὸν
456 3493 557 3570 δῆμον
582 3491 806 3572 ἐξαπατῶντας
830 3493 1041 3572 Δικαιόπολίς
1062 3514 1110 3572 τις
1138 3495 1204 3557 τῶν
1227 3491 1416 3571 αὐτουργῶν
1438 3491 1614 3572 ἐξελέγχων
1637 3492 1789 3571 παρεισά-

97 3606 195 3660 γεται.
237 3589 355 3654 τούτου
383 3592 418 3655 δέ
446 3593 497 3657 διά
524 3614 630 3676 τινος,
660 3595 833 3676 Ἀμφιθέου
860 3596 1074 3674 καλουμένου,
1103 3594 1322 3674 σπεισαμένου
1349 3595 1415 3658 κατ’
1437 3593 1517 3658 ἰδίαν
1538 3596 1608 3671 τοῖς
1631 3593 1789 3668 Λάκωσιν,

98 3688 278 3768 Ἀχαρνικοί
304 3692 457 3772 γέροντες
484 3696 682 3774 πεπυσμένοι
709 3697 747 3760 τό
774 3701 903 3777 πρᾶγμα
924 3697 1163 3778 προσέρχονται
1184 3695 1358 3773 διώκοντες
1381 3695 1416 3759 ἐν
1439 3698 1540 3774 χοροῦ
1563 3695 1712 3774 σχήματι·
1741 3695 1790 3759 καὶ

97 3791 177 3868 μετὰ
198 3795 297 3857 ταῦτα
318 3793 437 3859 θύοντα
459 3797 517 3862 τὸν
539 3797 749 3864 Δικαιόπολιν
779 3783 937 3882 ὁρῶντες,
968 3799 1015 3878 ὡς
1037 3798 1251 3876 ἐσπεισμένον
1274 3799 1342 3876 τοῖς
1365 3796 1617 3876 πολεμιωτάτοις
1640 3797 1789 3862 καταλεύ-

97 3907 170 3957 σειν
193 3892 345 3973 όρμῶσιν.
379 3895 397 3960 ὁ
419 3899 455 3960 δέ
477 3897 704 3979 ὑποσχόμενος
727 3900 807 3981 ὑπὲρ
829 3901 980 3980 ἐπιξήνου
1001 3902 1058 3980 τήν
1081 3901 1224 3981 κεφαλήν
1247 3899 1332 3978 ἔχων
1348 3897 1620 3976 ἀπολογήσεσθαι,
1642 3898 1695 3980 ἐφ’
1717 3899 1789 3984 ᾧτε,

98 3993 140 4058 ἀν
162 3997 203 4074 μὴ
225 3996 321 4081 πείση
342 3999 382 4061 τὰ
403 3998 506 4064 δίκαια
527 4001 643 4079 λέγων,
665 4003 723 4067 τὸν
745 4003 905 4082 τράχηλον
928 4003 1204 4084 ἀποκοπήσεσθαι,
1228 4001 1331 4066 ἐλθὼν
1355 3999 1401 4079 ὡς
1418 3999 1589 4080 Εὐριπίδην
1612 4000 1690 4066 αἰτεῖ
1703 4022 1789 4066 πτω-

96 4097 189 4176 χικὴν
212 4099 342 4178 στολήν.
385 4102 434 4164 καί
457 4105 640 4183 στολισθεὶς
662 4107 731 4183 τοῖς
751 4105 902 4186 Τηλέφου
925 4104 1090 4184 ρακιίιμασι
1111 4107 1255 4188 παρῳδεῑ
1275 4104 1332 4169 τὸν
1355 4102 1479 4167 ἐκείνου
1500 4101 1611 4182 λόγον,
1634 4103 1694 4167 οὐκ
1714 4101 1790 4181 ἀχα-

96 4197 196 4277 ρίτως
218 4201 458 4282 καθαπτόμενος
480 4205 676 4284 Περικλέους
704 4207 777 4285 περὶ
798 4209 856 4271 τοῦ
881 4205 1062 4288 Μεγαρικοῦ
1085 4206 1303 4286 ψηφίσματος.
1346 4205 1613 4284 παροξυνθέντων
1635 4205 1671 4269 δέ
1691 4224 1789 4270 τινων

95 4299 131 4365 ἐξ
154 4300 260 4366 αὐτῶν
284 4304 335 4367 ἐπὶ
356 4309 402 4388 τῷ
425 4309 531 4371 δοκεῑν
555 4311 746 4388 συνηγορεῖν
768 4311 838 4386 τοῖς
861 4308 1037 4387 πολεμίοις,
1061 4307 1129 4372 είτα
1150 4308 1405 4388 ἐπιφερομένων,
1427 4307 1646 4385 ἐνισταμένων
1668 4308 1703 4371 δέ
1726 4306 1789 4371 ἑτέ-

96 4421 167 4481 ρων
194 4403 243 4482 ιίις
270 4406 309 4470 τὰ
337 4405 439 4471 δίκαια
462 4407 561 4473 αὐτοῦ
584 4408 763 4491 εἰρηκότος,
793 4409 961 4490 ἐπιφανεὶς
984 4409 1134 4490 Λάμαχος
1156 4413 1304 4490 θορυβεῖν
1327 4411 1478 4488 πειρᾶται.
1523 4408 1591 4474 είτα
1612 4409 1789 4485 γενομένου

95 4506 289 4585 διελκυσμοῦ
312 4510 510 4588 κατενεχθεὶς
533 4508 552 4573 ὁ
574 4509 676 4589 χορὸς
698 4510 832 4576 ἀπολύει
853 4512 911 4577 τόν
928 4511 1139 4577 Δικαιόπολιν
1162 4511 1316 4590 καὶπρὸς
1338 4512 1416 4590 τοὺς
1438 4512 1591 4590 δικαστὰς
1614 4510 1789 4587 διαλέγεται

97 4677 394 4691 ---.-.....,.-.

182 4771 192 4798 ⁸
209 4765 241 4817 In
260 4766 353 4817 codice
367 4767 529 4818 Rauennate
542 4766 593 4816 hae
608 4769 715 4816 tantum
727 4781 860 4832 personae
874 4774 939 4818 sunt
951 4771 1076 4832 notatae,
1094 4763 1282 4829 Δικαιόπολις.
1301 4765 1400 4832 Κήρυξ.
1419 4765 1574 4833 Ἀμφίθεος.
1593 4764 1682 4832 Χορός
1695 4766 1790 4832 Ἀχαρ-

92 4829 178 4884 νέων.
198 4829 362 4898 Ἠμιχόριον
386 4833 520 4898 Λάμαχος.
545 4831 700 4898 Μεγαρεύς.
736 4833 968 4902 Cephisophontis
986 4851 1083 4886 nomon
1107 4836 1144 4902 (v.
1163 4838 1313 4886 395-402,
1335 4842 1362 4886 et
1380 4839 1453 4899 434„
1477 4837 1550 4902 quod
1568 4838 1695 4902 agnoscit
1713 4835 1790 4886 scho-

91 4901 180 4951 liasta
199 4901 233 4950 ad
252 4919 278 4953 ν.
296 4904 353 4953 394.
374 4903 444 4965 895.)
463 4917 542 4953 servo
560 4901 699 4966 Euripidis
717 4902 792 4968 (nam
810 4902 909 4964 δοθλας
926 4905 961 4954 ab
979 4903 1179 4970 Dicaeopolido
1198 4903 1358 4970 appellatur
1375 4921 1400 4954 v.
1417 4907 1487 4967 401.)
1512 4905 1669 4970 impositum
1689 4908 1732 4953 est
1754 4905 1789 4953 ab

90 4970 293 5035 grammaticis,
312 4971 537 5035 quemadmodum
556 4971 644 5021 servis
662 4971 690 5020 in
709 4969 821 5036 prologo
834 4971 964 5036 Equitum
982 4973 1011 5022 in
1029 4985 1139 5023 scenam
1159 4972 1358 5036 prodeuntibus
1376 4973 1473 5023 Niciae
1493 4978 1522 5023 et
1534 4972 1727 5024 Demosthenis
1745 4987 1790 5021 no·

90 5037 173 5087 mina
191 5038 356 5100 tribuerunt,
375 5038 582 5102 Paphlagoncm
598 5053 664 5088 vero
683 5035 798 5090 Κλέωνα
816 5039 1002 5105 appellarunt.

182 5101 194 5136 θ
211 5105 401 5171 Aristophanis
420 5105 574 5156 fabularum
593 5106 688 5156 decem
705 5104 854 5167 ὑποθέσεις
871 5135 903 5142 -
922 5123 984 5158 narn
1001 5105 1344 5174 Thesmophorissusamm
1363 5106 1440 5158 nulla
1458 5113 1586 5173 superest
1607 5106 1790 5168 ὑπόθεσις-

91 5173 149 5224 etsi
168 5173 249 5238 plura
268 5175 413 5225 continent
431 5190 465 5224 ex
483 5175 722 5240 grammaticorum
735 5173 982 5226 Alexandrinorum
1000 5178 1203 5228 commentariis
1223 5176 1356 5241 derivata,
1376 5179 1407 5226 ut
1431 5176 1586 5242 fragmenta
1605 5193 1675 5241 quae
1697 5177 1790 5226 insunt

91 5241 270 5292 didascalica
287 5242 397 5306 docent,
417 5247 508 5292 tamen
526 5243 567 5291 ita
585 5249 649 5294 sunt
668 5243 702 5292 ab
722 5244 908 5306 grammaticis
926 5245 1030 5294 aetatis
1043 5245 1128 5296 multo
1142 5245 1278 5296 interioris
1296 5245 1341 5295 vel
1359 5248 1482 5294 mutatae
1500 5245 1546 5294 vel
1564 5247 1690 5296 verbosis
1709 5259 1789 5307 expo·

90 5310 244 5360 sitionibus
262 5309 446 5374 amplificatae
465 5315 497 5359 ut
514 5309 595 5361 valde
615 5309 764 5361 dissimiles
783 5311 950 5376 argumentis
969 5313 1004 5362 ab
1017 5312 1203 5378 Aristophane
1217 5313 1350 5378 Byzantio
1369 5313 1495 5363 oratione
1509 5327 1590 5378 prosa
1603 5312 1714 5378 scriptis
1727 5327 1789 5361 eva·

90 5379 166 5428 sisse
185 5377 341 5430 videantur.
377 5379 522 5442 Perineptc
541 5393 605 5429 sero
623 5383 786 5443 argumenta
804 5378 927 5438 metrica,
952 5396 985 5430 ex
1004 5387 1065 5432 octo
1083 5381 1128 5432 vai
1148 5396 1246 5433 novem
1264 5382 1309 5431 vel
1328 5382 1422 5432 decem
1440 5382 1557 5433 senariis
1574 5381 1700 5431 iambicis
1719 5393 1789 5429 com-

90 5445 201 5511 posita,
225 5445 319 5496 decern
343 5445 446 5497 tabulis
468 5446 640 5510 praescripta
664 5447 764 5510 partim
783 5445 1002 5512 Ἀριστοφάνους
1019 5450 1211 5513 γραμματικοῦ
1229 5463 1328 5499 nomen
1346 5451 1374 5498 in
1393 5449 1533 5501 codicibus
1552 5455 1663 5515 gerunt:
1683 5447 1716 5497 de
1736 5461 1788 5512 quo

89 5529 188 5564 errore
207 5513 335 5563 dixerunt
352 5513 496 5566 Nauckius
513 5514 541 5563 in
559 5513 628 5565 libro
648 5513 680 5564 da
699 5515 884 5580 Aristophane
903 5516 1037 5580 Byzantio
1058 5534 1083 5582 p.
1103 5519 1161 5568 250.
1186 5531 1292 5582 egoque
1315 5517 1344 5566 in
1362 5518 1541 5568 Praefatione
1564 5518 1599 5568 ad
1618 5516 1723 5568 scholia
1742 5517 1789 5565 So·

91 5581 215 5647 phoclea
231 5581 284 5631 vol.
303 5583 319 5630 2
338 5598 362 5646 p.
381 5583 445 5632 xxii.
487 5583 565 5645 Quae
583 5587 747 5647 argumenta
771 5584 805 5634 ab
824 5583 978 5634 hominibus
997 5585 1107 5650 linguae
1126 5586 1260 5650 matrique
1283 5585 1422 5649 imperitis
1444 5587 1548 5650 scripta
1567 5601 1647 5649 quum
1666 5584 1695 5632 in
1714 5582 1790 5632 scho-

88 5649 194 5699 liorum
213 5649 333 5699 editione
353 5651 502 5700 Oxoniensi
522 5649 578 5714 legi
598 5651 712 5714 possint,
731 5651 760 5700 in
778 5651 830 5701 hac
844 5651 965 5703 editione
978 5669 1032 5704 non
1045 5653 1133 5718 magis
1145 5653 1298 5718 repetenda
1311 5667 1372 5702 esse
1385 5654 1482 5717 patavi
1495 5667 1574 5717 quam
1589 5668 1658 5717 qnae
1671 5651 1790 5702 Thomas

88 5717 232 5782 Magister
243 5717 351 5782 'aliique
369 5717 478 5768 intimae
498 5719 600 5768 aetatis
618 5719 790 5783 grammatici
809 5721 842 5770 de
861 5720 1052 5786 Aristophanis
1071 5721 1227 5772 fabularum
1245 5721 1414 5787 argumentis
1433 5721 1609 5785 scripsemnt.

163 5805 391 5856 Anrsrorrmnss.
418 5859 427 5888 Ι
1540 5817 1543 5822 ’
1571 5805 1587 5866 1
