4372 6614
296 498 339 562 50
724 503 778 553 DE
806 501 965 554 Mennis
996 503 1231 554 Poeantium
1261 498 1546 552 SGENIOORUM.

291 651 529 717 δισύλλαβονροιι
542 657 718 702 tetrametros
729 653 898 703 acatalectos
913 668 979 702 usus
989 658 1032 703 est
1044 655 1128 703 Arist.
1156 650 1243 713 λαβαν
1253 649 1353 700 Δοοοίι.
1365 651 1415 714 Ag.
1430 651 1504 700 1616.
1521 647 1614 700 πολλά
1629 663 1675 701 τοι
1690 646 1768 710 δόσις
1782 647 1813 700 έκ
1826 647 1895 709 Διός
1906 645 1988 711 ἀμφι-

290 719 354 770 Pac.
369 719 439 782 117.,
457 735 538 770 versu
550 723 731 785 anapaestico
742 717 913 783 τηλεσκόπῳ
927 717 1031 783 ἀμματι
1043 722 1127 782 γαίαν
1155 714 1249 782 λαφής
1262 731 1293 768 τε
1311 715 1357 768 καί
1370 716 1397 768 ἑξ
1414 715 1529 768 ἀλόκων
1540 714 1679 771 ἐπετειᾶν.
1691 735 1726 760 ==
1739 719 1812 768 1031.
1831 716 1900 778 nisi,
1917 715 1989 780 quod

292 791 355 851 post
368 787 479 837 eosdem
491 788 750 849 rint.aao.=813.,
766 788 884 838 iambico
897 789 1012 838 dimetro
1025 788 1127 838 catale-
1156 786 1200 836 hic
1213 800 1319 851 quoque
1338 784 1521 849 probabilius,
1540 787 1643 849 primus
1658 783 1799 850 spondens
1815 799 1871 834 non
1887 783 1989 846 dactyli

291 855 365 904 ctico
376 853 457 919 Soph.
468 854 638 908 0660677.
649 857 745 906 =eeh
755 863 783 905 et
794 857 868 906 1676.
878 873 913 899 =
924 858 997 906 1766.
1008 856 1127 922 iambico·
1156 868 1310 903 mensuram
1322 852 1420 911 habet,
1434 852 1482 902 sed
1495 853 1572 904 basis
1586 858 1641 915 est,
1660 860 1690 902 ut
1703 853 1731 901 in
1743 851 1872 902 versibus
1886 851 1919 900 de
1933 851 1990 914 qui-

293 921 418 972 trimetro
432 923 601 973 catalectico
613 923 650 972 ib.
664 925 737 974 leit.
752 943 786 964 =
799 924 872 974 1699.
896 924 1068 974 'Petrametro
1082 938 1127 973 oa·
1156 923 1207 972 bus
1219 921 1297 971 modo
1311 919 1447 974 dicebam.
1483 920 1644 971 Ootsmeter
1656 919 1837 977 acataleotus,
1855 934 1934 982 quem
1946 933 1988 967 ae-

289 989 421 1040 talectico
434 987 473 1050 είς
485 988 653 1051 δισύλλαβον
666 1005 727 1040 cnm
740 991 800 1040 basi
812 1003 878 1040 usus
891 997 934 1040 ast
944 990 1125 1042 AeschPers.
1155 989 1249 1053 quitur
1259 1007 1278 1038 a
1290 1020 1308 1038 e
1320 1029 1341 1039 ..
1355 1007 1371 1038 a
1382 1029 1415 1052 -,
1436 993 1480 1038 est
1497 989 1525 1037 in
1541 989 1635 1040 Persia
1648 989 1705 1038 sot.
1717 985 1741 1038 61
1755 984 1859 1050 πόποι,
1877 983 1988 1050 ήμεγά-

289 1057 347 1107 879.
361 1055 443 1108 νᾶσοί
456 1057 482 1108 θ’
494 1055 523 1108 ol
536 1057 608 1108 κατὰ
620 1071 640 1106 π
659 1056 712 1106 κύν’
722 1056 803 1108 άλιον
816 1055 1007 1122 περίκλυστοι,
1021 1077 1054 1100 ==
1065 1059 1125 1113 889.
1154 1057 1204 1116 λας
1226 1053 1331 1119 ἀγαθός
1352 1069 1385 1106 τε
1407 1054 1623 1119 πολισσονόμοο
1641 1054 1734 1116 βιοτας
1757 1052 1966 1117 ἐπεκύρσαμεν,
1981 1055 1985 1117 Ι

290 1123 336 1174 καί
351 1123 402 1185 τάς
419 1123 569 1188 ἀγχιάλους
583 1071 717 1187 έκρότυνε
734 1123 898 1186 μεσάκτους.
923 1133 951 1176 et
968 1127 1125 1177 acatalecto
1154 1121 1242 1174 eoe’o
1255 1121 1378 1188 γηραιός.

289 1193 348 1242 864.
359 1189 406 1242 σία
416 1188 520 1255 Λέσβος
531 1190 699 1255 έλαιόφυτός
707 1206 740 1242 τε
750 1191 842 1256 Σάμος
852 1191 926 1258 Χίος,
939 1193 987 1244 ubi
1000 1193 1123 1260 spondeo
1204 1191 1409 1256 Longissimum
1426 1197 1546 1255 systema
1570 1207 1604 1242 ex
1626 1189 1747 1256 dactylis
1767 1189 1931 1241 acatalectia
1947 1189 1988 1240 vi·

290 1260 318 1308 in
340 1261 516 1326 antistropha
537 1261 683 1326 respondet
703 1261 811 1311 iambus
831 1263 890 1312 θθί.
912 1260 1010 1313 Ῥόδον
1030 1260 1059 1312 τ’
1075 1259 1126 1326 ήδέ
1154 1259 1225 1325 giuti
1238 1274 1300 1322 sex,
1314 1261 1374 1310 eive
1387 1259 1557 1310 tetrametria
1570 1274 1618 1310 sex
1632 1265 1660 1308 at
1672 1258 1787 1308 dimetro
1801 1271 1988 1323 uno,ocmpo·

291 1323 392 1378 Κνίδον
412 1326 534 1392 Κυπρίας
553 1341 585 1378 τε
607 1326 704 1388 πόλεις
720 1326 839 1391 Πάφον,
863 1329 936 1379 unde
957 1329 1126 1394 intelligitur
1154 1329 1238 1376 situm
1254 1332 1284 1377 et
1301 1341 1383 1378 versu
1399 1326 1517 1377 iambico
1539 1324 1690 1392 tabatha
1712 1322 1862 1392 προσάψῃς
1882 1325 1987 1375 linitum

290 1395 425 1458 quomodo
437 1396 466 1445 hi
478 1409 573 1446 versus
585 1409 678 1446 omnes
692 1397 749 1446 sint
758 1395 904 1446 metiendi:
918 1397 990 1462 qnod
1002 1397 1122 1448 animad·
1153 1394 1256 1459 legitur
1273 1394 1346 1460 apud
1365 1395 1528 1460 Sophoclem
1545 1391 1614 1444 Oed.
1628 1393 1660 1448 C.
1672 1395 1829 1456 tte—236„
1848 1393 1895 1459 qni
1906 1397 1988 1442 tetra-

290 1463 374 1512 vertit
385 1463 559 1514 Hermannus
575 1461 664 1513 Elem.
679 1463 764 1517 doctr.
782 1469 861 1518 metr.
879 1480 904 1529 p.
920 1467 978 1516 664.
995 1470 1124 1530 recteque
1153 1463 1234 1512 metri
1250 1464 1291 1512 ita
1309 1462 1458 1512 decurrunt
1475 1467 1505 1511 ut
1518 1461 1580 1512 finis
1596 1476 1688 1512 eorum
1702 1467 1745 1510 ter
1756 1461 1786 1510 in
1802 1461 1894 1510 media
1906 1473 1987 1510 voca·

290 1545 316 1579 v.
330 1533 389 1581 891.
407 1528 504 1581 Ῥόδον
516 1529 542 1580 τ’
554 1531 674 1581 correxit
690 1545 740 1596 pro
756 1531 803 1581 καί
819 1529 931 1596 Ῥόδον,
950 1532 1022 1596 quod
1041 1539 1084 1583 est
1096 1535 1125 1582 in
1153 1530 1221 1581 bula
1232 1529 1351 1590 incidat,
1370 1544 1422 1593 quo
1435 1531 1541 1580 numeri
1552 1530 1728 1581 vehementia
1740 1533 1869 1594 augetur.
1894 1527 1986 1577 Simile

292 1598 395 1656 codice,
409 1597 457 1648 sed
470 1597 569 1648 falsum
583 1613 644 1649 esse
655 1600 821 1663 reliquorum
834 1597 914 1650 huius
923 1600 1053 1650 carminis
1064 1613 1125 1652 uer·
1153 1597 1219 1661 quid
1235 1598 1264 1646 in
1284 1597 1415 1647 dochmiis
1431 1597 1568 1648 interdum
1585 1597 1639 1648 sibi
1655 1597 1814 1661 permisisse
1832 1601 1930 1662 poetas
1942 1610 1986 1645 su-

291 1678 369 1714 enum
381 1667 549 1730 comparatio
562 1665 651 1716 docet.
1154 1681 1204 1730 pra
1216 1670 1260 1716 ost
1279 1664 1326 1714 ndi
1339 1680 1364 1730 p.
1377 1667 1420 1718 47.

339 1734 510 1784 Pentametri
522 1733 683 1784 catalectici
696 1731 736 1794 είς
748 1733 892 1798 συλλαβήν
904 1740 933 1785 et
945 1732 986 1796 είς
995 1731 1124 1787 δισύλλα·
1204 1732 1350 1796 Reliquum
1371 1738 1414 1782 est
1433 1737 1465 1782 ut
1486 1732 1521 1783 de
1543 1731 1714 1796 dactylorum
1731 1747 1793 1782 cnm
1811 1731 1876 1780 aliia
1891 1730 1988 1780 metris

290 1799 339 1861 βον
354 1799 432 1865 plura
447 1807 511 1850 sunt
525 1800 665 1866 exempla,
682 1801 760 1852 velat
777 1803 877 1866 prioris
887 1818 931 1867 ap.
941 1803 1038 1854 Aesoh.
1048 1803 1124 1854 Pers.
1154 1801 1281 1850 iunctura
1298 1799 1416 1850 dicatur.
1451 1801 1553 1851 Eorum
1569 1799 1734 1850 brevissima
1758 1801 1846 1851 torma
1863 1805 1907 1849 est
1922 1813 1987 1848 aua-

289 1868 512 1932 866.πανταρκής
522 1864 628 1928 ἀκάκας
638 1865 743 1932 ἄμαχος
754 1867 929 1932 βασιλεύςπι-
940 1871 999 1920 861.
1011 1875 1039 1920 et
1047 1871 1125 1920 Eum.
1154 1868 1242 1918 crusis
1254 1868 1376 1917 iambica
1389 1867 1509 1931 dactylis
1523 1868 1688 1932 praemissa,
1707 1869 1766 1917 sive
1779 1868 1885 1930 brevis,
1901 1871 1932 1914 ut
1943 1881 1987 1930 ap.

288 1937 347 1985 634.
358 1953 393 1982 :r
402 1938 461 1988 646.
478 1935 543 1984 Eur.
554 1935 616 1986 Hel.
624 1937 681 1986 384.
699 1937 783 1988 Arist.
790 1937 906 1990 Ardet.
918 1955 954 1983 a:
965 1940 1023 1990 iit.
1042 1937 1124 2004 Soph.
1153 1933 1251 1986 Aesch.
1264 1935 1403 1999 Septici.
1413 1933 1543 1997 traicere
1556 1933 1607 1996 μέν
1619 1934 1708 1998 μόρον
1720 1933 1799 1999 obath
1814 1933 1818 2000 Ι
1829 1931 1987 1997 πατροκτό-

287 2004 394 2053 11924.
407 2005 468 2054 τὼν
479 2001 616 2066 μεγάλων
625 2003 749 2054 Δαναῶν
758 2002 816 2055 ύπο
826 2003 1006 2071 κληζομέναν.
1015 2007 1124 2069 εθίθη
1153 1999 1498 2056 νονο1διπάδαν.ει7βθ.
1515 2005 1587 2066 leh,
1605 2005 1665 2053 sive
1681 2003 1778 2068 longa,
1795 2007 1827 2052 ut
1844 2017 1889 2066 ap.
1903 2001 1985 2066 Soph.

290 2070 406 2120 alterins
426 2085 471 2136 ap.
484 2070 583 2122 Aesch.
596 2070 674 2122 Pers.
686 2073 745 2122 879.
757 2091 791 2115 =
803 2073 861 2124 888.
885 2073 936 2138 Ag,
952 2075 1007 2125 105,
1020 2093 1054 2114 a
1068 2075 1124 2125 128.
1152 2071 1216 2120 Ant.
1230 2071 1288 2122 666.
1307 2069 1352 2120 καί
1365 2069 1479 2134 φθέγμα
1494 2070 1540 2122 καί
1552 2067 1681 2131 ἀνεμόεν.
1704 2071 1752 2122 ubi
1767 2073 1797 2119 in
1814 2069 1986 2132 antistropha

288 2140 345 2188 166.
363 2159 398 2180 ==
417 2141 473 2188 176.
491 2141 530 2196 (et
543 2137 663 2188 admisso
679 2139 708 2188 iu
726 2141 790 2189 sede
809 2145 909 2204 quarta
928 2141 1049 2206 spondeo
1068 2143 1124 2191 121.
1153 2139 1211 2192 666.
1224 2137 1332 2202 syllaba
1349 2137 1442 2188 brevis
1459 2137 1552 2201 σοφόν
1569 2150 1596 2188 τι
1611 2136 1647 2187 τό
1666 2135 1822 2202 μηχανόεν,
1842 2136 1987 2201 quodnisi

288 2207 345 2256 169.
357 2203 468 2256 αἴλινον
480 2203 589 2257 αἴλινον
601 2201 678 2270 εἰπὲ,
695 2204 731 2256 τό
743 2205 775 2256 δ’
787 2205 819 2258 εύ
832 2205 959 2272 νικάτω).
983 2209 1061 2260 Eum.
1075 2210 1124 2259 347
1154 2221 1202 2270 pro
1219 2203 1313 2256 δεινόν
1330 2205 1439 2255 ίίίαίαια
1460 2207 1509 2269 sit,
1531 2221 1602 2270 quae
1620 2205 1805 2256 Heimsoethli
1826 2205 1986 2254 coniectura

286 2275 581 2324 -350.=360-362.
603 2275 667 2323 liar.
679 2273 751 2324 Med.
765 2278 821 2326 133.
845 2277 948 2326 Bacch.
964 2277 1021 2330 169.
1046 2277 1125 2327 Inter
1152 2279 1204 2333 est,
1224 2275 1310 2323 multo
1330 2273 1440 2324 facilius
1456 2275 1583 2324 excusari
1598 2279 1691 2339 potest
1708 2287 1789 2338 quam
1807 2272 1986 2338 quoduersua

286 2341 464 2392 hexametros
476 2342 505 2391 in
518 2340 633 2406 stropha
650 2346 749 2406 quater
761 2345 882 2408 repetita
899 2358 944 2408 ap.
956 2343 1040 2394 arist.
1053 2345 1122 2394 Rau.
1153 2341 1288 2405 strophici
1301 2342 1417 2406 proximi
1429 2343 1556 2391 anacrusi
1573 2339 1657 2404 όργάς
1669 2338 1814 2392 ἐδιδάξατο
1827 2338 1873 2391 καί
1885 2336 1986 2391 ococi-

285 2408 429 2460 614-899.
456 2408 522 2458 Oum
535 2407 653 2460 dimetro
664 2409 805 2460 trochaico
818 2409 995 2474 catalectico,
1009 2413 1056 2475 qui
1068 2427 1122 2462 me·
1151 2408 1211 2458 λων
1233 2409 1262 2458 in
1283 2409 1458 2474 antistropha
1476 2408 1650 2474 pyrrhichius
1669 2407 1836 2475 respondere
1858 2407 1985 2466 creditur,

267 2475 332 2525 ·dio
345 2477 374 2525 in
387 2476 520 2527 vocabulo
532 2476 646 2541 incipit,
665 2477 806 2528 coniunxit
818 2479 915 2530 Aeeoh.
928 2477 1006 2528 Eum.
1019 2481 1077 2529 976.
1090 2499 1124 2520 =
1151 2474 1218 2526 τοτὲ
1239 2475 1321 2538 Ιπστὲ
1342 2476 1505 2542 apographa
1522 2476 1612 2541 plura)
1634 2475 1686 2539 μὲν
1706 2475 1804 2539 κακόν,
1824 2473 1924 2526 άλλοτ’
1941 2471 1986 2524 ἐπ’

285 2547 345 2598 360.
380 2545 558 2594 Pentameter
576 2544 749 2595 acatalectus
767 2551 811 2595 est
828 2561 872 2610 ap.
894 2547 959 2598 Eur.
977 2545 1050 2596 Med.
1066 2547 1122 2598 136.
1153 2541 1257 2595 ἑσθλον
1270 2541 1358 2608 ἕρπει,
1377 2545 1446 2594 νίίίο
1458 2545 1624 2606 manifesto,
1640 2543 1712 2608 quod
1725 2542 1933 2594 lleimsoethins
1944 2557 1986 2592 re-

287 2616 422 2674 sequente
433 2631 479 2662 ..a
490 2653 511 2663 -
526 2609 531 2674 1
546 2641 564 2661 c
574 2629 592 2661 a
603 2643 621 2661 o
632 2651 651 2661 -
664 2647 696 2676 -,
716 2617 745 2663 et
762 2612 831 2663 Hec.
850 2615 906 2664 168.
925 2618 1059 2680 sequente
1075 2615 1121 2664 tri·
1151 2612 1250 2661 stituto
1263 2612 1315 2662 νύν
1327 2627 1376 2676 pro
1388 2609 1455 2662 τοτὲ
1471 2610 1653 2676 probabiliter
1669 2613 1797 2662 correxit.
1826 2610 1932 2660 Bassos
1944 2608 1984 2660 di·

285 2679 368 2742 podia
381 2679 508 2732 iambica.
1152 2679 1274 2742 syllabae
1289 2677 1318 2741 (i.
1331 2695 1354 2729 e.
1367 2679 1460 2740 iambi,
1478 2680 1525 2729 vel
1537 2679 1673 2742 trochaei,
1691 2679 1736 2729 vel
1748 2677 1876 2744 spondei)
1890 2677 1985 2741 dacty·

337 2746 506 2797 Hexumeter
520 2747 700 2798 catalecticus
712 2743 906 2811 είςσυλλαβήν
918 2757 1028 2800 nonest
1039 2751 1125 2799 usita-
1151 2745 1185 2795 lis
1198 2747 1367 2812 praemissas
1380 2746 1508 2812 exempla
1519 2747 1654 2798 nonnulla
1666 2762 1749 2813 supra
1767 2746 1985 2805 memoravimus,

287 2818 341 2876 tus,
355 2815 555 2865 usitatissimus
568 2829 634 2865 rere
645 2815 826 2868 catalecticus
836 2813 876 2876 είς
885 2814 1063 2880 δισύλλαβον,
1078 2817 1124 2881 qui
1151 2815 1249 2878 quibus
1263 2814 1320 2864 alia
1332 2813 1460 2878 plurima,
1473 2814 1498 2864 si
1510 2829 1579 2878 opus
1589 2819 1674 2878 esset,
1688 2815 1752 2864 addi
1763 2817 1884 2880 possent.
1909 2813 1986 2862 Dixit

287 2881 322 2930 ab
339 2895 421 2931 versu
441 2880 568 2944 heroico,
585 2897 638 2946 qao
656 2884 728 2948 epici
745 2887 873 2947 utuntur,
892 2899 925 2934 eo
943 2883 1038 2934 differt
1050 2884 1124 2949 quod
1152 2881 1185 2931 de
1198 2880 1249 2932 hoc
1265 2883 1473 2946 compositionis
1490 2895 1606 2947 genere,
1626 2882 1697 2946 quod
1712 2879 1844 2934 Αἰολικὸν
1862 2880 1984 2946 appella·

285 2949 375 2998 minus
388 2949 538 2999 artificiose
552 2955 581 2999 et
593 2949 730 3015 neglectis
742 2949 901 3015 plerumque
911 2952 1050 3014 epicorum
1062 2967 1124 3002 cae·
1152 2954 1216 2998 runt
1228 2950 1416 3014 grammatici,
1435 2949 1608 3014 Hephaestio
1622 2965 1643 2998 c.
1656 2953 1681 3013 7,
1695 2951 1718 3000 i.
1731 2965 1758 3014 p.
1769 2951 1813 3000 44.
1826 2948 1984 2999 memoratis

285 3018 602 3068 surisestconstructus
621 3019 740 3081 apostis
758 3019 883 3069 scenicis.
921 3021 1060 3082 Quattuor
1076 3019 1123 3068 hu·
1151 3017 1286 3082 exemplis
1302 3017 1464 3081 lyricorum,
1482 3017 1529 3082 qui
1545 3019 1574 3066 in
1592 3018 1653 3068 basi
1671 3019 1756 3069 etiam
1773 3016 1931 3082 pyrrhichio
1942 3016 1985 3066 usi

284 3083 402 3133 iusmodi
420 3084 595 3135 hexametros
617 3091 681 3134 ante
705 3092 904 3150 pentametrum
927 3087 1122 3137 catalecticum
1151 3088 1224 3134 sunt.
1248 3085 1363 3149 Tragici
1374 3084 1511 3134 interdum
1523 3086 1664 3136 tribracho
1676 3086 1720 3136 usi
1731 3091 1809 3148 suut,
1827 3089 1858 3134 ut
1876 3085 1905 3133 in
1916 3083 1984 3134 loeis

285 3148 323 3212 είς
333 3149 502 3214 δισύλλαβον
515 3153 607 3217 posuit
619 3151 774 3216 Aeschylus
787 3155 837 3217 Ag.
851 3156 1000 3216 ret—157,
1014 3171 1062 3206 sex
1074 3155 1122 3205 he·
1152 3166 1234 3217 snpra
1247 3153 1406 3202 memoratis
1419 3167 1444 3218 p.
1457 3153 1513 3215 48,
1532 3157 1660 3204 accurate
1679 3157 1792 3204 serrata
1804 3152 1983 3218 responsione

285 3223 423 3270 xametros
437 3225 500 3284 poet
517 3224 695 3270 tetrametros
712 3221 882 3272 acatalectos
895 3222 977 3276 Arist.
991 3223 1058 3274 Pac.
1074 3225 1122 3273 116
1150 3220 1180 3269 in
1201 3220 1367 3270 carminibus
1388 3220 1608 3285 antistrophicis,
1630 3221 1768 3270 interdum
1788 3218 1983 3284 amphibracho

284 3289 377 3341 -193,
390 3287 562 3352 totidemque
575 3289 605 3337 iu
617 3286 671 3338 fine
684 3288 832 3339 Ranarum.
867 3289 990 3340 Aliorum
1005 3291 1122 3341 comico·
1149 3286 1194 3337 vel
1209 3287 1426 3352 palimbacchio,
1443 3293 1474 3336 nt
1486 3288 1586 3338 Aesoh.
1603 3291 1624 3338 A
1648 3289 1725 3338 .71θ.
1739 3289 1797 3338 719.
1813 3285 1871 3338 ίνιν
1889 3284 1984 3348 δόμοις

285 3369 342 3403 rum
355 3353 481 3420 exempla
495 3355 608 3420 collegit
621 3355 761 3408 Gaisiord.
778 3356 815 3406 ad
830 3355 921 3422 ileph.
935 3357 989 3411 vol.
1000 3360 1025 3412 t.
1043 3373 1070 3423 p.
1080 3359 1121 3409 80.
1149 3351 1311 3416 ἀγάλακτον
1336 3360 1341 3417 Ι
1368 3354 1462 3416 οὕτως
1482 3353 1554 3418 ἀνὴρ
1574 3303 1762 3418 φιλόμαστον.
1783 3375 1818 3396 ==
1842 3355 1902 3406 tte.
1924 3355 1983 3406 719.

284 3425 325 3471 81.
345 3421 413 3472 Cum
426 3423 548 3487 spondeo
561 3424 589 3472 in
604 3424 698 3486 quinto
712 3423 783 3488 pede
796 3425 894 3475 Aesch.
903 3426 1043 3478 Persidi.
1055 3423 1122 3476 ἀκά-
1148 3421 1218 3484 ήθος
1235 3422 1270 3473 τό
1282 3421 1390 3486 πρόσθε
1406 3421 1529 3486 τοκήων.
1547 3422 1552 3486 Ι
1572 3421 1651 3486 χάριν
1668 3425 1776 3488 τροφάς
1787 3421 1841 3486 γάρ
1852 3418 1983 3486 ἀμείβων.

283 3502 375 3551 ματον
386 3488 416 3540 όὲ
428 3492 522 3555 παρήν
535 3487 634 3551 σθένος
646 3487 758 3554 ἀνδρων
769 3491 982 3557 τευχηστήρων,
997 3498 1026 3543 st
1035 3493 1120 3543 Arist.
1149 3489 1356 3542 docimesio.
1370 3489 1493 3554 orporea
1504 3489 1585 3553 ἔγχος
1597 3489 1695 3555 ἀείραι,
1709 3489 1880 3555 ἀφύπνισον.
1889 3509 1923 3532 ει
1932 3492 1983 3550 49,

283 3558 544 3611 rinb‚2io.=eoo.
575 3560 696 3620 Quorum
714 3558 749 3608 ad
762 3559 915 3625 exemplum
932 3559 1074 3624 Euripidis
1087 3575 1120 3610 ex
1149 3557 1194 3608 vel
1207 3560 1318 3622 integra
1336 3558 1447 3624 dipodia
1464 3559 1596 3620 iambica,
1615 3567 1646 3608 nt
1663 3561 1728 3610 Eur.
1740 3558 1823 3609 libes.
1834 3561 1893 3611 921.
1911 3555 1984 3618 θυμ-

283 3624 460 3695 Phaethonte
477 3639 573 3675 versas
590 3625 713 3691 (Fragm.
727 3641 753 3690 p.
766 3629 825 3680 949.
839 3627 880 3676 ed.
892 3628 1019 3688 nostrae)
1036 3629 1064 3677 in
1078 3643 1120 3677 co·
1148 3625 1224 3690 βραίε
1237 3625 1282 3677 καί
1294 3624 1382 3677 Δάλιε
1394 3625 1440 3676 καί
1452 3623 1562 3686 Λυκίας.
1572 3643 1608 3669 =
1619 3629 1677 3679 199.
1692 3625 1773 3688 μόλοι
1785 3625 1816 3676 δέ
1828 3623 1982 3689 ναυκλήρια

281 3691 342 3744 dice
355 3691 568 3743 claromontano
585 3694 627 3744 sic
643 3693 791 3759 descripti,
804 3691 944 3756 γῺκεανού
963 3692 1070 3746 πεδίων
1083 3692 1120 3745 ol·
1149 3693 1195 3743 καί
1213 3693 1358 3757 στρατιάς,
1380 3693 1425 3744 rel
1443 3695 1657 3758 penthemimere
1675 3695 1809 3758 iambico,
1825 3699 1858 3744 ut
1874 3694 1911 3744 ib.
1924 3694 1983 3746 ate.

281 3758 440 3878 κήτομες,Ι
465 3758 622 3824 εὐφαμεῖτ’,
641 3759 679 3824 dr,
695 3761 700 3824 Ι
716 3759 843 3812 ἐκτόπιοί
859 3775 891 3813 τε
908 3761 1011 3814 τόπων
1022 3760 1119 3814 dacel-
1148 3758 1302 3824 Ἄπολλον,
1315 3757 1339 3810 rh
1351 3757 1397 3812 δία
1409 3760 1533 3824 κεφαλά,
1551 3759 1622 3824 μόλε
1634 3787 1676 3810 -.

280 3840 354 3892 ρετε,
371 3827 375 3893 Ι
391 3826 415 3878 ιδ
439 3839 470 3878 τε
481 3824 551 3878 λαοί.
566 3826 571 3891 1
587 3827 721 3892 κηρύσσω
731 3827 757 3879 δ’
765 3826 847 3880 ὁσίαν
857 3829 1010 3894 βασιλήιον,
1027 3830 1031 3895 Ι
1046 3827 1118 3880 αίτῶ
1191 3827 1982 3896 Penthcmimerestroohaicumdactylispraemisitdeach.

280 3893 305 3945 δ’
324 3893 414 3946 αύόὰν
429 3894 433 3960 Ι
450 3893 598 3946 εὐτεκνίαν
615 3907 647 3945 τε
664 3893 776 3960 γάμοις,
796 3896 839 3946 ὡν
856 3897 951 3958 ἔξοδος
965 3896 970 3963 Ι
985 3895 1029 3948 ἅδ’
1046 3897 1119 3961 ἕνεχ’
1147 3895 1235 3946 Prom.
1252 3897 1307 3946 164.
1323 3895 1440 3959 γένναν,
1458 3894 1524 3948 cote
1539 3895 1615 3960 thio
1628 3897 1695 3961 πρίν
1707 3897 1742 3947 ds
1754 3896 1773 3962 ή
1785 3896 1888 3962 κορέσῃ
1905 3895 1983 3960 κέαρ.

280 3963 351 4026 ήκει,
365 3965 393 4011 iu
406 3969 537 4027 quattuor
548 3962 723 4014 hexametros
734 3964 793 4013 redi
815 3964 878 4014 endi
892 3965 981 4015 rideri
995 3972 1119 4030 possent,
1146 3981 1179 4004 ==
1196 3965 1252 4015 184.
1270 3959 1322 4027 χρή
1340 3975 1373 4016 σε
1394 3961 1482 4028 τέρμα
1498 3963 1636 4016 κέλσαντ’
1651 3963 1765 4016 έσιόείν·
1790 3963 1915 4029 ἀκίχητα,
1926 3963 1981 4028 γάρ

280 4031 334 4080 nisi
347 4035 375 4081 at
388 4030 481 4081 hiatus
494 4031 568 4079 inter
579 4027 729 4094 ἀπαείρετε
747 4037 776 4081 et
825 4030 867 4082 ίτε
880 4034 1005 4083 obstaret
1019 4039 1047 4084 et
1059 4049 1118 4084 car·
1145 4029 1217 4094 ἤθεα
1228 4030 1273 4082 καί
1285 4030 1360 4096 κέαρ.

280 4113 341 4148 men
355 4098 521 4164 dactylicum
535 4097 645 4147 Heraol.
657 4099 987 4151 ooo-618.=ole-eae.
1001 4103 1119 4151 alteram
1196 4101 1293 4164 Longe
1305 4099 1479 4164 frequentius
1491 4101 1589 4166 plenae
1604 4101 1733 4167 dipodiae
1746 4101 1905 4152 trochaicae
1919 4115 1982 4150 cum

279 4167 371 4230 potius
385 4165 548 4216 divisionem
562 4165 766 4216 commendaret
778 4181 911 4232 usumque
925 4168 1032 4218 dimetri
1045 4174 1118 4219 cata·
1147 4166 1270 4232 dactylis
1283 4169 1499 4232 coniunguntur,
1518 4169 1590 4234 quod
1603 4184 1731 4220 vemuum
1744 4183 1832 4235 genus
1845 4167 1982 4230 λογαοιδι-

279 4231 371 4284 ίοοιίσί
388 4231 427 4294 είς
439 4231 609 4295 δισύλλαβον
626 4239 689 4297 post
707 4238 885 4285 tetrametroe
903 4241 931 4286 et
944 4235 1118 4287 hexametros
1147 4233 1198 4285 κόν
1211 4235 1388 4300 appellarunt
1399 4237 1509 4286 metrici
1526 4241 1649 4300 veteres,
1666 4242 1698 4288 ut
1713 4238 1795 4288 docet
1808 4237 1982 4302 Hephaestio

280 4302 431 4364 separatim
443 4303 528 4366 positi
541 4306 620 4351 extra
633 4301 836 4352 dubitationem
847 4309 972 4368 poneret.
1005 4305 1117 4370 Septem
1146 4315 1169 4352 o.
1181 4305 1205 4365 i,
1219 4306 1260 4354 10.
1274 4304 1360 4367 ρ.46.,
1373 4302 1443 4353 duas
1452 4307 1559 4370 tantum
1569 4307 1678 4369 speeies
1687 4319 1850 4368 memorans,
1862 4303 1982 4354 alteram

281 4367 400 4418 disticha
417 4369 543 4435 elegiaca
560 4384 593 4418 ex
607 4369 765 4420 hexametro
778 4375 806 4420 et
823 4375 997 4435 pentametro
1011 4387 1117 4438 compo·
1146 4385 1180 4419 ex
1196 4369 1305 4420 dnobus
1319 4369 1439 4434 dactylis
1460 4378 1489 4421 et
1507 4372 1620 4438 dipodia
1635 4373 1780 4424 trochaica
1802 4371 1982 4438 compositam

281 4435 336 4486 sita
349 4439 524 4500 reperiuntur
536 4436 608 4502 apud
622 4435 686 4486 Eur.
699 4435 785 4487 Andr.
799 4439 949 4489 roe-116.
972 4440 1118 4490 Distichon
1145 4434 1193 4502 (τὸ
1205 4435 1384 4500 καλούμενον
1397 4437 1545 4490 Ἀλκαίκόν
1557 4439 1790 4504 δεκασύλλαβσν),
1804 4445 1836 4490 ut
1847 4439 1921 4504 apud
1933 4438 1983 4488 Al-

281 4518 314 4551 ex
323 4503 492 4570 Antiphanis
502 4503 643 4554 comoedia
655 4503 768 4554 allatum
779 4507 813 4554 ab
822 4505 966 4557 Athenaeo
977 4509 1017 4562 10.
1027 4511 1117 4574 p.423.
1145 4519 1249 4570 casum,
1262 4503 1309 4557 καί
1320 4519 1361 4566 τις
1374 4504 1419 4557 έπ·
1430 4505 1603 4569 ἑσχατιαῑσιν
1614 4505 1708 4573 otreio,
1723 4513 1771 4558 aut
1784 4509 1872 4559 tribua
1884 4507 1981 4571 dacty-

216 4597 217 4602 =
280 4586 333 4621 non
349 4570 434 4635 liquet
445 4577 538 4622 utram
556 4571 645 4636 ipsius
657 4573 695 4623 eit
712 4587 748 4621 an
761 4572 873 4623 aliunde
888 4580 1018 4638 sumtum,
1036 4579 1067 4624 ut
1079 4575 1117 4624 di·
1145 4573 1180 4622 lis
1194 4571 1239 4634 Ιτδ
1251 4572 1428 4636 καλούμενον
1439 4573 1650 4640 nantiliaco),
1670 4577 1750 4628 velat
1767 4573 1791 4625 ὦ
1803 4574 1920 4626 διόπων
1932 4575 1979 4624 θυ-

280 4637 371 4688 sticho
383 4639 539 4690 Archilochi
550 4653 616 4689 usus
627 4644 669 4689 est
678 4638 762 4689 Arist.
772 4639 839 4690 Pac.
847 4642 920 4691 1196.
933 4643 1007 4694 1299.
1026 4642 1117 4693 Hexa·
1144 4637 1231 4702 ρίδων
1248 4639 1336 4692 καλόν
1352 4640 1528 4704 έμβλέποισα.
1562 4644 1713 4708 Utriusque
1730 4645 1889 4708 frequentia
1907 4643 1981 4707 apud

280 4705 359 4756 metri
373 4706 520 4756 acatalecti
531 4721 595 4756 rara
604 4712 670 4756 sunt
683 4707 818 4772 exempla,
831 4707 907 4760 velut
921 4726 965 4776 ap.
976 4709 1060 4774 Soph.
1073 4711 1116 4760 El.
1144 4709 1266 4774 tragicos
1277 4715 1342 4758 aunt
1354 4723 1432 4759 exem
1451 4709 1492 4775 la,
1512 4710 1589 4761 reiut
1601 4713 1701 4776 prioris
1716 4725 1762 4776 ap.
1775 4710 1875 4762 hesch.
1888 4711 1978 4762 Proin.

279 4776 336 4824 134.
348 4791 383 4816 =
398 4775 454 4826 160.
471 4780 533 4838 post
550 4779 726 4824 tetrametros
744 4775 917 4826 acatalectoa
935 4785 963 4828 ct
982 4783 1115 4842 sequente
1145 4776 1203 4829 182.
1215 4776 1422 4841 κραιπνοφόροι
1433 4725 1465 4828 gt
1478 4777 1506 4841 μ’
1514 4777 1646 4843 ἔπεμψαν
1657 4777 1746 4843 αύραι,
1766 4779 1838 4842 (cam
1848 4779 1979 4828 anaornsi

277 4840 1117 4961 51:523&duoap.Earip.Suppl.2l‘i.278.,unnsHeracl.
1142 4841 1609 4976 ᾗῶἰζσῧίθιᾞέᾔὲἕιέδῐιὲὲνόῖχὲμς
1619 4847 1781 4964 affimat
1811 4846 1979 4964 {uppihffi

328 4977 505 5042 Heptametri
519 4977 680 5029 catalectici
694 4974 732 5038 είς
742 4977 886 5044 συλλαβήν
900 4985 928 5029 ot
937 4976 977 5041 είς
986 4978 1114 5031 δισύλλα·
1144 4981 1202 5029 134.
1214 4976 1367 5041 ἀντίτυπος
1377 4979 1458 5032 δ’έπί
1467 4984 1503 5048 γᾷ
1514 4981 1583 5033 πέσε
1592 4931 1805 5047 τόνπαλωθείςΡΙ
1820 4929 1977 5045 audacem,

279 5039 338 5108 βον,
353 5045 452 5109 quibus
466 5045 641 5096 Stesichorus
655 5046 759 5111 aliique
772 5052 874 5112 poetae
888 5047 966 5110 lyrici
979 5049 1115 5098 interdum
1141 5043 1173 5106 ός
1189 5046 1257 5098 τότε
1275 5046 1430 5112 μαινομένᾳ
1447 5049 1497 5100 ξύν
1514 5048 1595 5116 ὁρμᾷ.
1621 5057 1649 5099 ei
1667 5065 1728 5100 cnm
1749 5051 1892 5112 onacrusi,
1911 5051 1976 5098 Ant.

278 5112 321 5160 usi
334 5117 411 5174 sunt,
429 5113 476 5161 vix
488 5112 547 5162 nlla
565 5113 594 5162 in
607 5116 685 5179 poesi
698 5113 811 5164 scenica
829 5118 1005 5179 reperiuntur
1022 5131 1112 5166 exem·
1140 5115 1198 5164 662.
1217 5113 1381 5178 εὐδαίμονες
1393 5113 1449 5168 οἷσι
1466 5119 1562 5168 κακιύν
1577 5115 1716 5181 ἄγευστος
1733 5115 1812 5168 αἰών.
1846 5118 1977 5168 Ceterum

277 5178 332 5244 pla.
358 5181 428 5232 Nam
441 5179 489 5244 qui
501 5179 683 5233 catalecticus
700 5177 739 5242 είς
756 5179 924 5244 δισύλλαβον
941 5199 1003 5234 esse
1022 5184 1114 5234 videa·
1140 5195 1237 5233 versus
1254 5199 1288 5233 ex
1304 5181 1425 5248 dactylis
1441 5189 1471 5234 et
1487 5185 1627 5237 trochaeis
1643 5180 1809 5251 compositos
1827 5201 1909 5251 saepe
1926 5185 1978 5235 du-

276 5253 323 5296 tur
336 5247 408 5312 apud
419 5247 520 5299 Aesch.
534 5245 610 5303 Pers.
624 5249 682 5300 864.
699 5247 787 5309 ὅσσας
798 5247 824 5301 δΙ
836 5247 894 5301 εἷλε
911 5249 1008 5313 πόλεις
1021 5251 1114 5316 πόρον
1141 5250 1215 5299 bium
1228 5255 1271 5300 est
1282 5257 1373 5300 utrum
1391 5258 1489 5316 poetae
1502 5253 1823 5317 dactylico-trochaicae
1840 5269 1876 5303 an
1889 5253 1978 5304 chori·

276 5313 311 5364 ού
334 5313 428 5377 διαβάς
444 5313 542 5377 Ἅλιος
558 5319 696 5379 ποταμοῖο
714 5335 747 5358 =
764 5319 822 5368 871.
846 5317 1005 5368 hexameter
1020 5321 1113 5383 potius
1140 5319 1402 5369 ambico-iambicos
1424 5335 1486 5370 esse
1507 5321 1658 5385 volueriut,
1685 5337 1768 5387 quom
1790 5321 1859 5373 locis
1880 5320 1978 5372 multis

276 5389 320 5432 est
334 5397 393 5433 cum
407 5383 478 5445 basi,
491 5389 523 5432 ut
536 5383 586 5432 alii
600 5385 628 5433 in
642 5385 689 5436 illo
703 5386 823 5436 carmine
836 5401 948 5450 versus,
968 5387 1001 5436 de
1015 5387 1114 5450 quihus
1140 5391 1256 5451 utraque
1269 5401 1398 5438 mensura
1409 5394 1490 5454 apta,
1503 5388 1566 5439 aliie
1578 5395 1690 5455 propter
1702 5397 1791 5442 metra
1803 5389 1922 5442 finitima
1936 5389 1976 5439 al·

276 5451 371 5514 paullo
384 5457 449 5501 ante
463 5449 530 5501 dixi.
911 5471 919 5487 ι
1141 5458 1247 5504 terutra
1260 5457 1352 5519 aptior
1364 5459 1410 5507 eit.
1434 5456 1502 5506 Mihi
1519 5457 1655 5508 inhaere
1674 5457 1904 5510 tantumvidetur
1916 5473 1976 5508 cer·

328 5517 488 5583 Octametro
502 5519 667 5571 catalectico
685 5519 724 5582 είς
737 5521 881 5586 συλλαβήν
896 5535 963 5572 neus
977 5525 1020 5571 est
1033 5521 1110 5572 linn-
1139 5525 1196 5571 tum
1217 5521 1314 5573 haberi
1335 5537 1431 5588 posse,
1452 5523 1522 5576 locis
1543 5525 1667 5590 plurimis
1686 5529 1734 5578 uhi
1751 5529 1907 5592 systemata
1929 5526 1977 5576 vel

273 5583 355 5708 fides
366 5585 410 5640 El.
424 5589 480 5637 140.
493 5586 540 5647 θές
551 5585 619 5638 τόδε
631 5589 731 5652 τεθχος
742 5587 810 5651 ἐμός
822 5589 879 5641 ἀπό
892 5588 994 5654 κρατός
1007 5587 1110 5654 έλοθσ’,
1138 5589 1267 5656 strophae
1287 5592 1328 5642 rel
1347 5607 1440 5643 earum
1457 5599 1552 5658 partes
1570 5594 1684 5658 syllabis
1695 5626 1897 5648 .......
1909 5609 1976 5645 con·

264 5683 266 5688 .
286 5663 322 5708 να
334 5653 421 5724 πατρί
433 5653 518 5720 γόους
530 5653 696 5722 merloto:
707 5660 774 5722 lei,
787 5657 954 5710 catalectico
967 5655 1006 5721 είς
1018 5657 1111 5710 δισύλ-
1138 5657 1298 5724 cluduntur,
1321 5660 1394 5725 quod
1412 5663 1575 5728 saepissime
1593 5670 1656 5731 post
1674 5667 1790 5734 qnaeris
1809 5664 1867 5716 iere
1885 5668 1978 5716 metra
