4248 6596
759 2130 835 2246 *TA
860 2127 966 2206 ΤΟΤ
1005 2130 1284 2205 ΔΡΑΜΑΤΟΣ
1335 2129 1587 2206 ΠΡΟΣΩΠΑ

377 2369 531 2420 οικυτλι
548 2369 622 2420 ooo
640 2368 790 2434 τρυγαιου.
1017 2369 1334 2422 κουουτυουπιιπ.
1456 2400 1463 2412 ·
1502 2364 1685 2426 uopruoo.

378 2443 571 2506 ΤΡωΓιιοΣζ
1015 2455 1220 2518 ιυΡοκλιιΣ,
1235 2453 1340 2519 μάντις.
1501 2455 1592 2506 nuru
1610 2455 1806 2507 λιιιλκου.

375 2537 499 2600 KOPAI,
519 2537 669 2603 θυγατέρες
682 2535 829 2602 Τρυγαίου.
1016 2539 1324 2592 ΔΡΕΠΑΝΟΤΡΓΟΣ.
1501 2539 1591 2590 ΠΑΙΣ
1611 2538 1858 2590 ΚΑΕΩΝΤΜΟΤ.

376 2623 515 2673 urorum
1013 2613 1265 2676 λοοοιτοιου.Ι
1500 2625 1645 2676 ΕιΡΗπΗ

376 2707 572 2758 ιτοΛυιτοΣ,
1014 2707 1314 2760 οςιυλκοπςιπιιε.
1501 2709 1627 2759 onom
1718 2707 1805 2772 κωφὰ
1824 2705 1961 2772 πρόσωπα

376 2790 582 2842 ικκιιοιιιιου.
1012 2793 1336 2846 Σκλιιιπυοτιοιου.
1425 2750 1427 2829 ί
1500 2793 1638 2846 ουςιιυι

1012 2877 1261 2930 κνικοιιοιοε.
1424 2854 1427 2943 Ι

999 3237 1362 3360 κΠοοΕΞιΣ.

408 3483 433 3550 Ι.
476 3486 556 3565 Ἤδη
579 3491 625 3570 τῷ
647 3485 961 3572 Πελοποννησιακῷ
977 3490 1109 3574 πολέμῳ
1138 3491 1321 3567 κεκμηῶτας
1350 3489 1428 3565 τοὺς
1451 3487 1639 3565 Ἀθηναίους
1662 3485 1814 3564 καὶτοὺς
1839 3484 2001 3562 σύμπαντας

324 3587 486 3667 Ἕλληνας
508 3588 746 3668 Ἀριστοφάνης
769 3589 846 3653 ἰδὼν
875 3589 1002 3668 (ἱκανὸς
1030 3591 1092 3669 γὰρ
1114 3590 1288 3655 διιππεύκει
1315 3589 1547 3667 πολεμούντων
1571 3589 1679 3652 αὐτῶν
1702 3587 1842 3668 χρόνος)
1866 3587 1904 3650 τὸ
1923 3585 2004 3664 δρᾶμα

323 3690 511 3768 συνέγραψε
533 3677 649 3766 τοῦτο,
673 3691 866 3769 προτρέπων
890 3693 947 3770 τάς
971 3691 1082 3771 πόλεις
1105 3692 1298 3756 καταθέσθαι
1320 3693 1376 3769 μὲν
1399 3693 1458 3770 τὴν
1481 3691 1565 3769 πρὸς
1589 3689 1688 3767 αὑτάς
1712 3689 1928 3769 φιλονεικίαν,
1947 3683 2002 3782 όμύ

322 3811 417 3855 νοιαν
446 3791 482 3854 δὲ
510 3792 560 3854 καὶ
590 3791 717 3870 εἰρήνην
746 3792 815 3857 ἀντὶ
837 3796 894 3871 τῆς
917 3793 1078 3872 πρότερον
1102 3794 1218 3873 ἔχθρας
1242 3793 1379 3858 ἑλέσθαι.
1424 3792 1612 3870 παρεισάγει
1633 3790 1744 3856 τοίνυν
1767 3789 1928 3870 γεωργὸν,
1946 3787 2004 3864 ipo

321 3895 416 3966 γαῑον
449 3891 607 3972 τοῦνομα,
640 3893 777 3971 μάλιστα
810 3899 868 3973 τῆς
900 3894 1027 3974 εἰρήνης
1061 3895 1339 3974 ἀντιποιούμενον.
1394 3895 1433 3972 ὃς
1461 3894 1638 3974 ἀσχάλλων
1667 3893 1719 3956 ἐπὶ
1746 3897 1794 3976 τῷ
1823 3892 1950 3971 πολέμιμ
1973 3885 2004 3960 εἰς

324 3992 468 4072 οὐρανόν
497 3994 642 4059 ἀνελθεῖν
671 3995 891 4074 ἐβουλεύσατο
918 3997 1002 4088 πρὸς
1031 3998 1088 4062 τόν
1112 3997 1193 4074 Δία,
1220 3996 1426 4074 πευσόμενος
1449 3998 1524 4073 παρ’
1546 3995 1646 4059 αὐτοῦ
1669 3996 1709 4058 δι’
1730 3995 1771 4072 ἣν
1795 3993 1901 4066 αἰτίαν
1923 3990 2005 4062 οὕτως

322 4095 465 4175 ἐκτρύχει
487 4097 526 4161 τὰ
548 4102 615 4162 τῶν
631 4097 797 4176 Ἑλλήνων
820 4097 999 4179 πράγματα,
1023 4103 1187 4163 τοσοῦτον
1211 4100 1352 4177 ποιήσας
1374 4097 1518 4176 πόλεμον
1541 4096 1660 4174 αὐτοῖς.
1697 4097 1737 4160 ὃν
1753 4097 1793 4175 δὴ
1811 4095 2006 4172 διαποροῦντα

322 4197 393 4261 τίνα
423 4197 547 4276 τρόπον
576 4201 634 4277 τὴν
663 4199 709 4276 εἰς
738 4199 881 4278 οὐρανόν
909 4191 1043 4278 πορείαν
1065 4201 1210 4278 ποιήσει,
1239 4199 1426 4279 παρεισάγει
1447 4199 1612 4278 τρέφοντα
1632 4197 1796 4276 κάνθαρον
1823 4199 1873 4275 ὼς
1895 4197 2007 4266 άναπϊλ·

324 4299 466 4376 σύμενον
494 4299 540 4377 εἰς
571 4300 715 4378 οὐρανόν
744 4303 783 4363 δι’
806 4301 923 4378 αὐτού,
949 4302 1215 4382 Βελλεροφόντου
1238 4301 1335 4380 δίκην.
1379 4300 1612 4380 προλοχίζουσι
1635 4300 1669 4364 δὲ
1692 4299 1723 4362 οἱ
1745 4297 2006 4400 δύοιθερόπονιεί

323 4400 439 4479 αὐτοῦ,
464 4399 514 4478 οἷς
537 4402 588 4464 καί
610 4401 775 4481 ἐκτρέφειν
798 4403 1036 4492 προσετέτακτο
1060 4404 1117 4468 τόν
1142 4405 1315 4484 κάνθαρον,
1340 4407 1589 4484 δυσφοροῦντες
1612 4401 1663 4464 ἐπὶ
1685 4402 1756 4478 τοῖς
1780 4399 1887 4464 αὐτοῦ
1911 4395 2007 4468 σιτίοις.

322 4499 342 4578 ἡ
373 4503 414 4580 1δί.
449 4504 552 4581 σκηνὴ
579 4506 638 4566 τού
667 4505 830 4582 δράματος
859 4505 893 4568 ἐκ
921 4506 1040 4584 μέρους
1067 4507 1124 4584 μὲν
1154 4505 1205 4570 ἐπὶ
1233 4510 1290 4584 τῆς
1318 4509 1395 4587 γῆς,
1431 4505 1465 4568 ἐκ
1495 4505 1613 4583 μέρους
1641 4505 1676 4566 δὲ
1703 4503 1756 4565 ἐπὶ
1786 4506 1860 4566 τοῦ-
1880 4497 2006 4579 οὐρανοί

323 4603 342 4664 δ
372 4605 407 4666 δὲ
429 4606 531 4684 χορός
555 4605 755 4684 συνέστηκεν
779 4606 814 4669 ἔκ
835 4628 934 4671 τινων
958 4606 1088 4686 ἀνδρῶν
1112 4607 1259 4671 Ἀττικῶν
1282 4610 1447 4687 γεωργῶν.

408 4701 450 4768 ΙΙ.
498 4707 654 4786 oeperunt
682 4708 718 4772 ἐν
741 4711 811 4785 ταῖς
834 4708 1066 4786 Διδασκαλίαις
1095 4708 1164 4786 bigb
1192 4710 1388 4788 δεδιδαχιίιςΩ
1417 4709 1554 4788 Εἰρήνην
1583 4707 1766 4786 ὁμωνύμως
1799 4697 2009 4786 obpropu-

391 4969 401 4994 ⁸
421 4960 552 5029 Φέρεται]
577 4962 708 5027 φαίνεται
724 4965 758 5016 V.
792 4961 891 5028 Φέρειν
911 4963 944 5012 de
963 4963 1123 5015 didascoliis
1141 4957 1245 5014 dictum
1263 4980 1307 5029 ap.
1325 4963 1410 5014 ochoi.
1429 4963 1514 5014 Arist.
1535 4963 1603 5014 λίαν.
1621 4965 1660 5013 67.
1677 4961 1757 5013 οὕτω
1776 4961 1837 5028 γὰρ
1854 4963 1900 5013 καί
1916 4955 2010 5012 uturu-

324 5027 434 5082 σκαλίαι
446 5029 571 5096 φέρουσι,
584 5030 809 5095 τελευτήσαντος
822 5028 970 5094 Εὐριπίδου
988 5031 1039 5082 τὸν
1057 5029 1119 5082 υἰδν
1136 5030 1225 5082 αὐτοῦ
1238 5029 1410 5092 δεδιδαχέναι
1427 5029 1587 5093 ὁμωνύμως
1606 5027 1772 5096 (ὁμώνυμον
1788 5032 1936 5082 substituit
1946 5039 2011 5074 coru

324 5105 382 5150 otor
400 5101 428 5150 iu
446 5099 504 5150 eod.
519 5103 587 5151 Ven.
598 5103 656 5151 476.
674 5101 720 5165 qui
739 5117 773 5150 ox
791 5099 885 5150 oo‘dice
898 5101 948 5150 474
968 5099 1124 5164 descriptus
1138 5106 1194 5163 eut,
1211 5101 1240 5150 in
1258 5115 1311 5164 quo
1324 5097 1496 5163 ὁμωνύμως)
1513 5097 1543 5149 ἐν
1562 5096 1640 5150 ᾰστει
1654 5097 1838 5164 Ἰφιγένειαν,
1852 5092 2011 5159 Ἀλκμαίωνα

324 5165 461 5296 Βάκχναάίς
485 5233 588 5284 audiui.
1110 5207 1112 5211 ’
1983 5296 1988 5307 ¹

390 5299 569 5364 ῦδεδιδαχὼς
586 5305 643 5353 RV.
679 5301 721 5354 δτι
743 5302 788 5352 καί
813 5301 912 5366 ἑτέραν
936 5299 1079 5366 δεδίδαχεν
1103 5303 1147 5356 ed.
1163 5302 1279 5366 Aldina,
1305 5319 1375 5366 quae
1401 5302 1519 5352 fortasse
1537 5302 1641 5353 Muouri
1664 5303 1858 5366 interpolat-io
1883 5307 1936 5362 ost,
1956 5307 2011 5348 eruut

324 5371 540 5433 absurditatem,
560 5385 630 5434 quae
647 5387 681 5420 ex
695 5372 787 5422 vorbis
805 5371 982 5421 inferioribus
999 5370 1016 5433 ἢ
1034 5369 1133 5433 ἑτέραν
1150 5373 1272 5434 καθῆκεν
1291 5371 1441 5420 manifesto
1459 5369 1497 5431 fit,
1517 5385 1599 5434 quum
1618 5385 1668 5434 ogo
1686 5371 1856 5435 sensissem,
1875 5372 1902 5421 in
1918 5367 2011 5419 editione

325 5437 490 5490 scholiorum
504 5439 656 5488 Oxoniensi
668 5438 721 5488 vol.
735 5442 758 5488 3.
774 5455 798 5503 p.
811 5441 834 5496 5,
848 5441 888 5489 20.
906 5455 960 5489 nou
973 5437 1060 5488 solum
1073 5437 1197 5487 codicum
1209 5439 1257 5488 RV
1271 5439 1436 5502 scripturam
1448 5437 1570 5498 restitui,
1589 5436 1636 5486 sed
1650 5437 1734 5486 etiam
1747 5435 1873 5500 ὁμοίως,
1892 5435 1956 5502 quod
1967 5436 2010 5497 post

324 5504 444 5572 Εἰρήνην
467 5508 495 5556 ίπ
521 5507 600 5556 libris
621 5505 737 5570 iegitur,
761 5507 790 5556 in
812 5504 971 5569 ὁμωνύμως
993 5507 1105 5556 mutavi.
1141 5506 1246 5555 Eodem
1268 5507 1340 5557 redit
1365 5505 1437 5570 quod
1458 5506 1610 5570 Rogersius
1630 5506 1658 5555 in
1677 5504 1808 5556 editione
1827 5507 1911 5556 huius
1926 5499 2011 5574 fabulor

323 5575 496 5625 Londinensi
509 5573 546 5636 (a.
561 5573 646 5635 1866.)
660 5590 686 5638 p.
700 5574 825 5624 XXXIV.
839 5574 967 5636 coniecit,
980 5572 1011 5624 ἑν
1028 5575 1089 5633 ταῖς
1102 5570 1298 5634 Διδασκαλίαις
1316 5570 1467 5636 δεδιδαχὼς
1480 5569 1601 5637 Εἰρήνην
1617 5571 1658 5632 δίς
1670 5569 1686 5621 ὁ
1701 5569 1926 5638 Ἀριστοφάνης,
1938 5577 2011 5621 erfoni

327 5643 460 5707 originem
473 5643 563 5692 minus
575 5641 758 5707 probabiliter
770 5643 805 5694 ab
820 5641 980 5707 compendio
993 5643 1027 5703 μῖς
1040 5645 1178 5706 repetens,
1193 5657 1246 5706 quo
1259 5638 1364 5703 ὁμοίως
1376 5641 1513 5691 interdum
1528 5641 1698 5705 exprimatur
1710 5639 1753 5704 (ut
1769 5642 1851 5706 apud
1866 5635 2010 5694 Guissordm

616 1487 1316 1585 ΑΡΙΣΤΟΦΑΝΟΥΣ
1388 1487 1746 1584 ΕΙΡΗΝΗ.

2077 2753 2079 2790 ί

2077 2793 2079 2840 ἰ

2078 2941 2079 2974 ι

2077 2979 2079 3024 ἰ
