4402 6610
943 535 1191 586 PRAEFATIO.
1585 557 1588 570 =
1810 569 1812 574 .
1880 535 1902 580 V

213 699 324 738 cernere
347 683 493 752 poetarum
516 682 653 749 versibus,
677 682 701 736 si
719 683 778 750 quis
801 687 926 740 veterum
948 685 1042 754 poeta·
1071 683 1200 738 facillime
1226 683 1352 738 satisfieri
1373 686 1487 754 poterat
1507 684 1599 740 verbis
1626 685 1666 739 sio
1689 685 1843 750 collocatis,
1872 685 1904 738 ut

213 786 272 822 rum
294 768 449 844 Atticorum
472 767 613 837 cogitandi
635 768 798 836 dicendique
821 768 923 824 rationi
945 768 986 824 ita
1007 767 1044 823 sit
1070 768 1216 824 Elmsleius
1233 768 1332 835 voluit,
1351 771 1452 834 νώτοις
1467 772 1623 838 χαλκέοισιν
1640 771 1773 838 οὐρανόν.
1796 767 1903 822 Deinde

212 852 343 908 adsuetus
365 855 396 907 ut
413 851 437 906 si
454 852 521 920 quid
542 852 683 908 dissonum
704 853 841 909 inferatur
864 853 958 907 steen
981 871 1041 923 per·
1070 853 1148 908 Atlas
1170 854 1262 909 asneis
1286 855 1407 908 humeris
1425 856 1531 910 coelum
1550 864 1683 912 exterere
1702 853 1814 919 dicitur,
1838 869 1903 920 quo-

212 937 322 994 senliat.
347 937 490 994 Difficilius
506 937 646 993 interdum
664 939 706 993 est
722 938 853 993 iudicium
872 938 906 993 de
917 939 1042 994 versibus
1070 955 1132 994 oum
1147 939 1335 994 Wakefieldus
1354 939 1509 1010 comparari
1525 956 1606 1010 posse
1623 940 1744 1010 putabat
1761 938 1836 1007 quod
1852 939 1902 992 Lu-

212 1023 259 1091 qui
275 1023 379 1094 partim
401 1041 435 1078 ex
452 1025 598 1092 poetarum
620 1022 712 1078 verbis
731 1023 834 1093 partim
857 1041 890 1078 ex
908 1023 1043 1078 coniectu·
1070 1023 1146 1079 cilius
1162 1024 1192 1078 in
1208 1026 1300 1080 Aetna
1317 1024 1387 1080 dixit
1403 1043 1428 1079 v.
1447 1031 1488 1079 49.

211 1109 248 1162 ris
266 1117 330 1163 sunt
348 1107 493 1177 compositi
514 1107 758 1177 interpolatorum,
781 1108 829 1178 qui
851 1109 1041 1164 animadverso
1104 1112 1286 1169 construitur
1303 1115 1413 1179 maenis
1431 1114 1469 1167 ud
1482 1112 1594 1179 proelia
1612 1110 1751 1166 mentitus
1769 1126 1870 1178 ceper:

211 1193 290 1248 unius
315 1193 468 1264 pluriumve
494 1193 691 1248 vocabulorum
717 1194 762 1248 ναί
783 1194 893 1249 defectu
918 1195 963 1248 vel
985 1209 1042 1248 cor·
1102 1198 1202 1254 Pelion
1216 1197 1380 1260 Ocroterr'r,
1399 1213 1525 1252 summac
1537 1199 1640 1264 premit
1653 1196 1747 1252 Ossan
1761 1194 1903 1262 Olympus.

210 1279 321 1348 ruptela
337 1297 400 1333 suas
421 1279 575 1334 intulerunt
593 1278 777 1346 coniecturas,
800 1279 898 1346 quibus
917 1279 969 1334 etsi
986 1295 1042 1334 non
1070 1281 1172 1336 Verum
1195 1295 1250 1334 non
1273 1280 1469 1336 animadvertit
1490 1284 1556 1338 terit
1576 1279 1644 1332 illud
1667 1295 1722 1332 non
1744 1279 1780 1332 ab
1798 1278 1902 1332 Lucilio
1972 1277 1974 1286 '

211 1363 394 1418 dubitandum
416 1363 482 1432 quin
505 1381 589 1434 saepe
606 1381 702 1419 verum
720 1363 866 1433 attigerint
887 1364 936 1420 ubi
953 1363 1041 1420 facilis
1070 1366 1210 1436 scriptum,
1229 1366 1430 1422 sed'infelioem
1448 1381 1508 1419 esse
1520 1364 1629 1418 Pithoei
1648 1363 1833 1418 coniecturam
1851 1381 1901 1433 pro

211 1452 271 1503 erat
289 1449 459 1516 emendatio,
479 1450 575 1503 tamen
592 1448 679 1503 multo
697 1449 807 1519 saepius
826 1451 861 1504 ab
879 1466 945 1504 vero
964 1449 1042 1504 aber·
1070 1459 1158 1518 creat,
1178 1451 1251 1518 quod
1264 1451 1366 1521 legitur
1383 1451 1412 1504 in
1425 1448 1572 1514 codicibus,
1590 1450 1750 1519 corruptum
1768 1447 1843 1502 haud
1855 1447 1902 1501 du-

210 1535 307 1588 rernnt
329 1551 381 1588 uec
402 1551 466 1588 raro
488 1535 597 1588 tautam
618 1532 801 1604 prodidenmt
822 1534 1048 1590 imbecillitatem
1071 1535 1114 1591 bie
1138 1553 1172 1590 ex
1194 1535 1280 1590 verbo
1299 1545 1412 1602 onerat,
1435 1551 1491 1588 nou
1511 1541 1626 1604 praeut,
1651 1533 1725 1600 quod
1746 1532 1902 1588 Eriderious

211 1620 240 1674 ut
261 1637 297 1672 ne
320 1617 558 1674 manifestissimos
581 1617 692 1686 quidem
714 1627 838 1676 veterum
865 1619 1042 1674 librariorum
1070 1622 1185 1676 lacobus
1209 1621 1333 1676 coniecit.
1367 1621 1427 1675 Nec
1450 1620 1474 1673 si
1495 1636 1590 1673 verum
1613 1619 1685 1674 esset
1707 1622 1787 1684 terit,
1810 1618 1901 1672 defen·

210 1722 317 1760 errores
334 1709 408 1759 recte
427 1703 565 1772 corrigere
582 1704 704 1772 possent,
723 1704 772 1758 sed
786 1720 857 1771 quae
874 1704 973 1758 leviter
985 1719 1042 1758 eor·
1070 1706 1160 1760 dendo
1179 1705 1284 1761 Graeco
1308 1707 1444 1773 ἐκτρίβων
1466 1705 1610 1760 sufficeret.
1648 1703 1721 1758 Nam
1743 1719 1822 1756 mons
1844 1703 1902 1770 qui·

174 1790 177 1801 '
210 1793 293 1860 rupta
315 1789 468 1844 ementita
490 1787 604 1842 rdterius
626 1785 833 1857 corrumperent
849 1790 951 1854 utaut
968 1789 1043 1844 nulla
1070 1790 1133 1844 dem
1151 1808 1184 1845 ex
1201 1792 1286 1845 humo
1304 1793 1333 1845 et
1349 1790 1488 1861 lapidibus
1506 1788 1673 1858 compositus
1696 1787 1780 1842 alium
1799 1787 1842 1841 cui
1860 1805 1901 1840 su·

210 1877 258 1930 aut
276 1874 370 1930 teuuie
383 1890 465 1929 verae
483 1873 637 1943 scripturae
656 1872 773 1942 vestigia
785 1873 980 1944 relinquerent.
1010 1875 1041 1928 In
1070 1875 1265 1945 perimpositus
1292 1878 1334 1930 est
1355 1877 1478 1932 montem
1506 1883 1600 1932 terere
1621 1873 1824 1940 quodammodo
1848 1871 1901 1926 dici

209 1979 264 2029 quo
287 1977 389 2030 genere
411 1959 515 2012 nullum
536 1958 601 2012 novi
624 1959 780 2029 exemplum
802 1957 935 2028 insignius
959 1975 1041 2027 quam
1068 1963 1175 2030 potest,
1193 1961 1245 2014 etsi
1262 1979 1361 2031 parum
1380 1963 1457 2030 apte,
1480 1977 1564 2028 quum
1581 1959 1690 2026 montes
1706 1956 1814 2011 immoti
1831 1957 1902 2012 iace·

209 2045 284 2114 quod
306 2045 335 2099 in
356 2044 436 2098 initio
453 2043 527 2098 lonis
544 2042 684 2112 Euripidis
701 2043 789 2098 lutere
807 2043 923 2098 videtur.
961 2043 1041 2097 θρίω
1069 2047 1130 2100 ant:
1148 2047 1350 2115 perabsurdum
1367 2062 1434 2100 vero
1453 2047 1496 2098 est
1512 2044 1654 2098 Atlantem
1670 2041 1792 2097 humeris
1810 2042 1902 2097 aeneis

210 2131 320 2186 fabulae
338 2129 543 2200 quiprologum
561 2128 621 2199 agit
632 2128 784 2182 Mercurius
802 2128 911 2198 generis
929 2129 970 2182 sui
990 2129 1040 2184 ori·
1069 2132 1187 2198 coelum,
1221 2132 1374 2188 aetheriam
1403 2131 1516 2185 deorum
1547 2129 1652 2195 cedem,
1684 2129 1808 2182 exterere
1838 2125 1899 2180 dici.

209 2215 302 2284 ginem
314 2214 516 2286 spectatoribus
530 2215 713 2283 expositurus,
731 2215 762 2268 ut
773 2213 802 2268 in
814 2214 937 2284 prologis
948 2216 1040 2269 facere
1068 2215 1154 2271 Porro
1182 2217 1340 2286 qui·filiam
1367 2217 1497 2286 procreat
1525 2230 1580 2269 non
1608 2214 1746 2280 θυγατέρα
1771 2214 1902 2277 γυναικός

208 2302 279 2356 solet
300 2299 457 2370 Euripides,
484 2298 523 2353 sic
544 2300 602 2354 fere
630 2299 783 2354 orationem
806 2316 883 2356 suam
909 2299 1039 2354 inchoare
1067 2321 1143 2368 τινος
1157 2309 1253 2371 φῦσαι,
1271 2303 1319 2356 sed
1338 2304 1369 2356 ἐκ
1380 2317 1456 2365 τινος
1474 2305 1561 2366 cccci
1574 2299 1679 2354 Graece
1697 2296 1808 2352 dicitur:
1828 2295 1901 2364 quod

208 2387 330 2440 debebat
357 2388 470 2452 “Attos,
496 2388 544 2454 eui
565 2388 662 2442 aeaeis
679 2385 805 2442 humeris
822 2388 943 2451 eoelum,
966 2390 1039 2442 cnti—
1066 2406 1122 2442 non
1139 2387 1212 2456 fugit
1228 2386 1443 2450 Wakefieldum,
1461 2383 1509 2452 qui
1526 2385 1597 2438 hanc
1614 2383 1704 2452 ipsam
1723 2383 1758 2435 cb
1777 2397 1901 2436 caussam

208 2491 292 2542 quum
309 2474 425 2529 deorum
443 2473 547 2536 eedem,
565 2474 698 2536 sustinet,
717 2488 756 2528 ex
773 2475 859 2528 trium
876 2473 1039 2539 quibuscum
1067 2479 1126 2538 μιᾶς
1142 2475 1147 2538 Ι
1162 2477 1236 2528 θεῶν
1257 2473 1372 2538 ἐξέφυσε
1391 2469 1493 2538 corrigi
1509 2469 1629 2524 volebat.
1665 2465 1790 2536 Denique
1810 2467 1901 2536 ipsum

208 2561 353 2614 consueuit
370 2557 488 2612 dearum
511 2573 569 2612 unu
586 2556 693 2612 Maium
708 2560 883 2624 procreauit,
908 2573 979 2626 quae
997 2573 1039 2614 me
1066 2557 1134 2610 illud
1156 2562 1230 2612 θεών
1254 2563 1315 2622 μιᾶς
1337 2555 1439 2610 indicio
1463 2555 1503 2609 est
1521 2552 1669 2620 maiorem,
1691 2552 1726 2606 ed
1744 2569 1826 2620 quem
1841 2557 1901 2618 μιᾶς
2001 2587 2005 2598 ·

208 2645 345 2712 peperir.’‘
380 2640 482 2694 Credas
504 2657 558 2695 nou
581 2653 683 2709 magno
701 2641 797 2695 labore
814 2642 943 2696 constare
959 2643 1039 2711 potu·
1066 2644 1196 2708 refertur,
1229 2659 1374 2696 numerum
1402 2639 1595 2712 praecessisse,
1629 2637 1676 2705 qui
1704 2636 1749 2690 rix
1779 2636 1900 2692 dubitari

207 2727 260 2780 isse
270 2726 395 2796 Euripidi
405 2726 478 2780 hanc
490 2725 656 2780 sententiam
668 2724 709 2780 ita
721 2725 813 2795 eloqui
827 2727 856 2780 ut
866 2725 953 2780 verba
965 2726 1038 2780 omni
1066 2728 1159 2796 potest
1185 2727 1250 2796 quin
1277 2725 1306 2780 in
1327 2727 1412 2781 verbo
1438 2726 1533 2780 lateat
1548 2723 1730 2788 ΕΚΤΡίΒΩΝ,
1758 2723 1832 2791 quod
1853 2739 1898 2776 ve-

209 2829 242 2866 ex
259 2813 339 2881 parte
358 2811 445 2880 digna
462 2811 552 2865 essent
569 2813 654 2880 poeta
671 2807 718 2879 qui
734 2811 779 2863 tot
796 2809 912 2865 alierum
929 2813 1039 2880 tragoe-
1067 2810 1134 2865 teris
1161 2809 1268 2866 librarii
1296 2827 1388 2866 errore
1409 2828 1461 2882 pro
1488 2810 1631 2866 ΕΚΤΡΙΩΝ
1656 2807 1788 2877 seriptum
1816 2807 1900 2862 fuisse

209 2897 317 2951 diarum
338 2895 470 2966 prologos
492 2893 657 2950 dexterrime
676 2896 842 2964 composuit,
864 2896 917 2950 hoc
939 2897 982 2950 vel
1006 2897 1037 2950 si·
1051 2926 1054 2940 ·
1068 2897 1184 2963 videtur,
1203 2899 1234 2950 nt
1252 2896 1326 2965 apud
1345 2893 1509 2966 Sophoclem
1526 2893 1641 2949 Philoct.
1656 2899 1713 2948 όόέ.
1733 2894 1803 2959 ἀμφί
1816 2894 1898 2948 ΣΟΥ-

208 2981 265 3035 mili
283 2981 377 3049 aliquo
394 2979 485 3045 modo,
1069 2984 1158 3036 ΝΕΚΑ
1177 2983 1218 3048 (α’
1236 2985 1348 3050 οὕνεκα)
1368 2983 1537 3047 βουλεύματ’
1549 2980 1609 3035 ἐστί
1627 2997 1660 3033 ex
1677 2979 1818 3034 ΣΟΥΝΕΑ
1837 2981 1899 3044 (σοῦ
2009 2979 2017 2996 ’

276 3069 379 3130 Ἀτλας
397 3067 413 3120 ό
430 3068 611 3132 χαλκόνωτας
629 3067 753 3133 οὐρανόν
771 3053 845 3120 θεών
1067 3068 1126 3134 νέα)
1145 3066 1327 3138 τίερταναίωα
1338 3068 1493 3136 legebatur,
1513 3065 1601 3118 donec
1612 3065 1716 3118 rectam
1734 3062 1898 3132 scripturam

275 3155 352 3216 ὁχών
371 3151 491 3204 παλαιόν
508 3153 589 3204 οίιτον
607 3151 636 3203 έκ
654 3155 741 3218 τριῶν
760 3155 820 3216 μιᾶς
1067 3152 1228 3206 restitueret
1244 3152 1361 3206 Ioannes
1376 3151 1506 3216 Anteius,
1524 3148 1709 3220 perspicacior
1728 3165 1812 3216 quam
1830 3147 1899 3202 anti-

275 3239 350 3290 θειῑιν
369 3237 456 3302 έφυσε
474 3237 581 3303 Μαῖαν,
601 3237 618 3302 ἣ
638 3237 678 3301 ’μ’
695 3233 835 3299 ἐγείνατο,
1068 3255 1136 3305 quus
1149 3235 1288 3306 Euripidis
1306 3238 1451 3301 corrector,
1469 3233 1518 3304 qui
1535 3233 1685 3289 absurdum
1702 3232 1770 3286 illud
1789 3235 1899 3288 ΕΚΤΡΙ-

205 3339 258 3390 pro
286 3319 385 3389 quibus
411 3337 483 3374 nune
503 3321 554 3374 hos
580 3319 609 3374 in
632 3318 772 3372 codicibus
794 3320 912 3388 legimus
933 3338 1036 3387 versus,
1067 3323 1134 3377 ΒΩΝ
1153 3322 1232 3375 bonu
1253 3321 1307 3374 fide
1330 3337 1381 3390 pro
1404 3320 1540 3387 ἐκτρίβων
1558 3316 1677 3387 aceepit,
1701 3318 1774 3372 unde
1792 3317 1899 3385 reliqua

204 3407 296 3460 tirone
308 3405 400 3474 prima
411 3420 537 3459 veranum
555 3403 765 3487 pangendomm
783 3404 906 3475 pericula
919 3405 1037 3460 faciente
1066 3405 1290 3475 praecedentium
1308 3405 1456 3460 verborum
1477 3402 1657 3473 interpolatio
1679 3403 1836 3459 necessario
1859 3419 1897 3456 aa

204 3490 349 3560 digniores
368 3507 450 3557 quam
466 3489 611 3562 Euripide,
629 3491 715 3558 poete
732 3490 973 3557 exercitatissimo,
1066 3492 1212 3560 quebatur,
1231 3492 1339 3545 submto
1353 3490 1427 3559 quod
1446 3507 1507 3547 cum
1525 3489 1661 3556 ἐκτρίβων
1679 3487 1829 3542 consociari
1842 3505 1896 3542 non

276 3577 379 3639 Ἄτλας
397 3577 413 3630 ό
431 3576 570 3642 χαλκέοισι
589 3577 690 3638 νώτοις
708 3577 847 3642 οὐρανόν,
1066 3578 1177 3646 poterat
1201 3575 1349 3646 participio
1378 3574 1471 3644 priore
1501 3577 1578 3644 όχών
1605 3577 1633 3627 et
1659 3575 1840 3640 χαλκόνωτος
1868 3573 1897 3626 in
2008 3625 2016 3639 ,

275 3663 349 3714 θεῶν
368 3661 488 3714 παλαιόν
506 3661 600 3726 οἶκον,
620 3659 756 3726 ἐκτρίβων
774 3664 849 3714 θεῶν
1066 3665 1202 3729 χαλκέοισι
1227 3665 1328 3726 νώτοις
1352 3659 1475 3727 diducta,
1498 3661 1530 3713 ut
1547 3659 1615 3712 duas
1639 3673 1707 3725 quas
1728 3657 1789 3728 ipse
1806 3657 1897 3727 perdi-

275 3751 337 3811 μιθς
354 3747 442 3812 έφυσε
461 3747 603 3811 Μαῑαν,ἥ
624 3747 655 3811 μ’
672 3745 812 3812 ἐγείνατο,
1065 3747 1145 3801 τίεται
1174 3747 1294 3815 syllabas
1320 3751 1506 3815 recuperaret.
1551 3742 1626 3808 Quae
1652 3741 1774 3812 ineptiae
1801 3760 1896 3797 omnes

204 3849 257 3884 nec
280 3829 462 3884 dubitandum
485 3828 551 3898 quin
574 3829 671 3883 eadem
694 3828 787 3884 omnia
805 3830 843 3884 sic
865 3831 969 3901 scripta
990 3851 1038 3888 suo
1065 3831 1230 3885 evanescunt
1258 3831 1382 3885 versibus
1411 3847 1474 3884 eum
1502 3829 1531 3883 in
1560 3827 1673 3882 modum
1701 3844 1782 3896 quem
1813 3845 1897 3896 supra

204 3917 234 3968 in
253 3914 347 3970 codice
365 3914 466 3983 legerit
482 3913 658 3968 Philodemus
676 3913 839 3983 Epicureus,
862 3916 979 3985 scriptor
997 3917 1038 3971 ci·
1063 3916 1196 3986 proposui
1219 3915 1357 3970 correctis.
1404 3915 1541 3972 Adiectivi
1565 3916 1745 3981 χαλκόνωτος
1768 3911 1822 3966 duo
1841 3911 1896 3966 aha

205 3999 300 4054 ceroni
322 3999 458 4067 aequalis,
482 3998 557 4052 emus
579 3998 607 4052 in
629 3999 701 4054 libro
724 4004 789 4067 περί
807 4002 961 4070 εὐσεβείας,
985 4019 1039 4057 ser·
1065 4001 1191 4070 exempla
1217 4005 1281 4056 sunt
1307 4002 1381 4072 apud
1404 4000 1569 4070 *Euripidem
1595 3997 1696 4052 Troad.
1723 4003 1794 4052 1136.
1822 4004 1894 4052 1193.

204 4087 272 4139 rato
298 4084 327 4138 in
350 4082 535 4139 voluminibus
557 4084 808 4140 Herculanensibus
836 4086 916 4152 (Tab.
940 4092 980 4140 et.
1010 4087 1038 4141 in
1064 4085 1112 4154 qui
1128 4087 1233 4155 pariter
1251 4089 1442 4153 σιδηρόνωτος
1461 4084 1531 4138 dixit
1547 4084 1649 4137 Phoen.
1666 4089 1737 4136 1130.
1773 4081 1895 4136 Verbum
1960 4121 1964 4130 .

204 4167 365 4238 Gompcrsii
382 4167 485 4222 Studiis
502 4169 611 4223 Hercul.
631 4170 695 4223 fasc.
715 4176 738 4224 2.
757 4188 784 4239 p.
804 4172 1038 4240 3'1.)·heecnuue
1064 4171 1140 4236 όχεῑν
1158 4170 1193 4222 ds
1209 4171 1322 4224 Atlante
1340 4170 1451 4236 dictum,
1470 4170 1517 4237 qui
1534 4169 1605 4226 coeti
1621 4171 1741 4226 suetiaet
1759 4185 1840 4232 caes,
1859 4167 1895 4220 le·

204 4255 355 4322 supersunt
377 4253 413 4308 ad
430 4254 503 4308 hunc
520 4254 611 4308 locum
629 4254 785 4319 referende,
1064 4253 1140 4323 gitur
1162 4255 1237 4322 apud
1255 4254 1407 4308 Diodorum
1430 4261 1459 4320 θ,’
1472 4260 1512 4309 όθ.
1537 4257 1599 4324 (τόν
1617 4255 1770 4318 σύμπαντα
1788 4254 1895 4317 κόσμον

410 4381 520 4392 .....
540 4339 729 4394 ΕΥΡΙΠΙΔΗ(
1062 4339 1107 4393 έπί
1130 4343 1190 4393 τών
1212 4341 1367 4403 Ἄτλαντος
1389 4341 1477 4405 ώμων
1499 4341 1637 4406 ὀχεῖσθαι)
1660 4336 1796 4406 aliosque,
1822 4335 1895 4391 inter

409 4465 519 4476 .....
541 4423 627 4477 ΑΛΚΕ
648 4425 684 4478 Κ“
1063 4441 1131 4493 quos
1153 4424 1304 4493 Aeschylus
1326 4427 1367 4478 est
1384 4424 1523 4479 Prometh.
1543 4430 1600 4478 430.
1624 4425 1727 4486 Ἄτλας
1744 4453 1778 4462 -
1796 4423 1895 4486 σθένος

410 4551 416 4562 .
489 4552 494 4562 .
516 4551 521 4561 .
542 4508 668 4565 ΝΩΤΟΙ(
687 4511 709 4563 Ο
971 4555 977 4562 .
1062 4511 1195 4577 κραταιὸν
1212 4515 1262 4576 γᾶς
1279 4511 1412 4578 οὐράνιόν
1424 4526 1456 4564 τε
1474 4512 1566 4563 πόλον
1584 4510 1684 4572 νώτοις
1702 4510 1779 4574 όχων
1797 4508 1893 4562 στενά-

410 4635 520 4646 .....
542 4593 606 4647 ίΩΝΙ
624 4593 735 4650 ΠΕΠΟΙ
1062 4600 1108 4650 ζει.
1144 4595 1217 4649 Nam
1240 4595 1279 4649 sic
1302 4594 1408 4650 correxi
1426 4594 1500 4664 quod
1521 4594 1550 4648 iu
1568 4593 1661 4646 codice
1679 4593 1803 4647 Medioeo
1827 4593 1894 4661 legi-

410 4719 521 4730 .....
543 4677 712 4734 ΙΜΩΝΙΔΗ(
1062 4683 1107 4736 tur
1124 4685 1225 4746 νώτοις
1242 4681 1438 4746 ὑποστενάζει,
1456 4679 1548 4733 inutili
1565 4677 1661 4733 addita
1677 4677 1892 4748 praepositione,

409 4803 521 4814 .....
542 4762 708 4818 ΟΥΡΑΝΟΝ
729 4765 779 4817 ete.
1062 4767 1163 4823 omisso
1185 4783 1250 4822 vero
1274 4783 1328 4834 quo
1349 4750 1436 4819 mhlto
1458 4765 1548 4835 magis
1571 4779 1640 4833 opus
1663 4765 1724 4818 crat
1743 4762 1892 4834 participio

204 4865 277 4917 quse
295 4847 435 4902 Nauchius
454 4846 493 4913 tiu
510 4847 659 4916 Meleager
679 4849 922 4908 Grato-Romulus
940 4852 992 4906 vol.
1012 4860 1035 4908 3.
1062 4855 1152 4920 όχών,
1176 4851 1329 4906 cuiusmodi
1351 4852 1467 4906 verbum
1490 4849 1535 4904 hic
1557 4848 1660 4915 requiri
1682 4849 1828 4903 senserunt
1846 4849 1892 4917 qui

204 4951 229 4986 a.
257 4938 329 4987 leet.
351 4951 379 5001 p.
399 4935 468 5000 635.)
497 4935 572 4986 recte
600 4933 640 4986 sio
667 4931 880 5002 redintegravit,
903 4939 1037 4994 eremi·
1061 4939 1244 4993 ὑποστενάζει
1264 4954 1316 5006 ρετ
1332 4935 1517 5002 θποβαστάζει
1538 4934 1582 4989 vel
1604 4935 1736 4999 ὑπανέχει
1757 4933 1893 5002 interpre-

204 5020 278 5073 ΔΗΣ
294 5020 298 5084 Ι
314 5016 490 5072 tenetote!
506 5017 511 5086 Ι
529 5017 674 5086 ΝΩΤΟΙΕΙ
695 5020 864 5075 ΟΥΡΑΝΟΝ
885 5022 889 5089 ί
909 5022 950 5075 ΕΝ
972 5023 1035 5079 ΙΩΝΙ
1060 5023 1112 5078 teti
1135 5023 1199 5076 sunt
1221 5023 1387 5092 glossatores
1409 5019 1554 5090 Byzantiui
1575 5020 1603 5074 et
1626 5019 1722 5073 auctor
1745 5018 1841 5072 scholii
1863 5018 1892 5072 in

203 5103 425 5168 ΠΕΠΟΙΗΚΕΝ,
449 5103 571 5156 ceterum
592 5119 687 5158 versus
710 5103 892 5174 interpolatos
916 5123 974 5161 esse
991 5123 1036 5162 ve·
1061 5107 1154 5162 codice
1171 5106 1294 5162 Medieeo
1318 5105 1451 5175 adscripti
1472 5107 1561 5160 λείπει
1583 5107 1669 5171 έχων·
1698 5107 1714 5169 ἢ
1739 5106 1807 5169 μετὰ
1831 5119 1892 5158 στε-

204 5187 311 5242 rissima
322 5186 469 5253 iudicarit,
487 5205 542 5242 non
554 5188 683 5243 obstante
695 5188 850 5244 Philodemi
861 5192 1034 5256 auctoritate,
1060 5197 1166 5258 ναγμοθ
1189 5193 1279 5260 φέρει,
1303 5209 1357 5259 quc
1378 5191 1438 5260 ipso
1455 5190 1540 5245 verbo
1559 5193 1632 5256 έχειν
1650 5189 1684 5242 de
1702 5189 1814 5242 Atlante
1833 5204 1892 5243 eoe-

204 5289 288 5340 quem
310 5287 367 5326 non
387 5271 487 5326 mirum
508 5273 551 5326 est
569 5273 663 5328 codice
680 5292 758 5328 usum
780 5291 838 5329 esse
859 5275 1034 5345 interpolato,
1059 5280 1116 5333 lum
1137 5277 1289 5332 sustinente
1311 5276 1352 5330 usi
1374 5276 1437 5330 sunt
1458 5275 1605 5340 Homerus,
1633 5273 1780 5340 Hesiodus,
1810 5275 1893 5344 Apol-¹

205 5354 334 5422 qualibus
350 5356 408 5410 ium
424 5357 620 5426 grammaticos
631 5361 830 5415 Alexandrinos
848 5361 954 5428 aliquot
971 5365 1035 5416 ante
1060 5365 1172 5418 lodorus
1190 5363 1299 5430 aliique.
1334 5361 1389 5414 Alii
1405 5363 1526 5428 ἀνέχειν,
1554 5365 1716 5429 ὑπανέχειν,
1738 5360 1834 5428 φέρειν
1852 5359 1891 5411 di-

204 5440 398 5494 Pbilodemum
420 5442 516 5496 seculis
533 5459 596 5497 usos
612 5444 696 5498 fuisse
719 5446 851 5516 exemplis
869 5462 923 5500 non
941 5447 1036 5516 paucis
1059 5451 1171 5516 rerunt,
1199 5449 1227 5502 et
1249 5449 1339 5518 magis
1361 5447 1469 5518 poetice
1493 5451 1579 5514 ώμοις
1604 5447 1717 5514 ἐρείδειν
1740 5444 1890 5513 Aeschylus

204 5525 338 5580 nummus.
365 5527 405 5579 Ae
416 5526 506 5595 primo
519 5528 630 5595 quidem
641 5529 768 5583 inscitum
779 5535 821 5585 est
829 5530 941 5586 tertiam
952 5528 1150 5602 primi'Prom.
1168 5541 1225 5590 βόθ.
1261 5535 1348 5588 Porro
1364 5533 1440 5586 recte
1458 5535 1499 5599 et,
1523 5549 1607 5600 quum
1624 5532 1768 5599 Πληιόνης
1788 5545 1888 5584 nomeu

203 5627 298 5665 versus
327 5609 470 5679 dipodiarn
499 5612 534 5667 ab
564 5613 671 5681 syllaba
698 5613 775 5668 finali
802 5615 888 5685 longa
908 5617 1034 5673 vocabuli
1059 5619 1149 5674 metro
1161 5619 1364 5673 incommodum
1376 5617 1519 5673 nominare
1530 5617 1618 5672 nollet
1629 5616 1786 5686 Euripides,
1805 5615 1889 5685 aptia-

203 5695 398 5764 praecedentia
419 5696 542 5784 inchoari
566 5701 662 5754 contm
683 5698 854 5769 tragicorum
871 5721 962 5772 usum,
992 5703 1127 5780 cuiysime
1146 5705 1250 5759 dictum
1269 5708 1311 5760 est
1328 5705 1357 5759 ἐκ
1376 5709 1463 5770 τριών
1482 5713 1542 5774 μιᾶς
1563 5715 1567 5781 Ι
1588 5714 1662 5768 θεών
1680 5713 1768 5777 ἔφυσε
1787 5709 1889 5762 Μαῖαν.
