4402 6610
320 505 373 556 XII
1034 503 1287 554 PRAEFATIO.

364 611 456 616 ----—-
547 611 570 614 —
850 610 868 614 ⁴-
893 611 918 614 ...
1014 609 1209 616 --.-...-..-...-

320 613 412 722 ἀψεγή
430 671 494 708 vero
513 653 679 708 occisoribus
695 611 927 722 Agamemnonis,
939 655 1034 707 tamen
1050 652 1161 722 proba
1177 610 1253 716 thiae
1233 610 1364 706 omnia
1374 610 1473 706 exeo
1482 653 1547 706 sunt
1562 653 1798 723 interpretationis
1815 609 2009 722 gener-e-
1934 653 2011 721 quod

320 739 376 794 bile
389 742 430 794 est
442 737 606 808 Sophoclem
623 738 836 834 significantiore
854 755 932 791 usum
946 755 1005 792 esse
1016 737 1151 793 vocabulo
1176 736 1379 806 philologorum
1399 737 1506 792 scholas
1524 737 1672 804 ιεάολαά,Ι
1665 755 1694 791 ιιι
1712 737 1810 805 quibus
1827 737 1915 791 multa
1932 755 2010 792 exco-

228 822 229 825 ’
321 825 441 892 ἀψεφές,
460 823 588 877 restituto
607 823 750 877 ahmein
767 821 1001 876 Annotationibus
1019 822 1105 876 Onon.
1125 839 1150 876 a.
1177 821 1261 889 gitari
1285 822 1374 876 solent
1396 823 1550 878 ceterorum
1572 822 1731 878 mortalium
1753 821 1856 876 nemini
1879 820 1988 876 facile
1980 839 2011 876 ιιι

324 915 394 964 1836.
418 926 445 978 p.
469 912 524 962 156.
554 908 627 975 quod
650 906 672 960 si
694 907 829 961 intactum
852 907 1025 975 reliquissent
1045 906 1152 962 librarii
1178 910 1299 964 mentem
1316 909 1444 963 ventura:
1463 907 1556 976 qualia
1573 923 1628 962 non
1640 907 1708 962 mihi
1725 908 1843 977 placere,
1862 907 1910 960 sed
1927 907 2011 961 inter·

321 993 410 1062 magis
435 993 590 1048 mirandum
616 994 687 1047 foret
713 1008 796 1058 quam
822 991 896 1060 quod
924 994 1021 1046 notum
1046 991 1097 1046 sibi
1125 993 1154 1045 et
1178 995 1292 1050 dumah
1305 992 1589 1058 metolerari‚·donec
1605 991 1781 1060 meliusquid
1798 993 1937 1062 suppetat,
1955 990 2014 1046 dixi

322 1078 435 1146 vulgare
461 1077 625 1132 vocabulum
647 1077 749 1142 ἀψεγές
772 1076 980 1131 substituerunt.
1024 1078 1153 1144 Ἀιμεφὲς
1177 1080 1393 1134 inPraefatione
1410 1079 1463 1133 νολ.
1478 1084 1501 1131 1.
1520 1097 1547 1148 p.
1559 1077 1659 1132 XVIII.
1689 1077 1866 1132 Manifestum
1883 1079 1926 1131 est
1943 1076 2012 1131 nihil

267 1153 268 1160 ¹
322 1162 396 1230 quod
418 1165 608 1230 ἀφρόντιστον
630 1160 778 1230 significet,
805 1177 838 1214 ex
860 1160 1004 1230 Sophoclis
1026 1161 1154 1216 Phaedra
1178 1165 1253 1220 aliud
1270 1165 1315 1219 hic
1333 1164 1388 1218 dici
1403 1163 1524 1234 potuisse
1544 1179 1627 1230 quam
1644 1162 1719 1232 Hylli
1735 1161 1915 1232 potissimum,
1933 1165 2013 1230 quat-

322 1247 449 1316 (Fragm.
468 1249 542 1313 618.)
564 1246 702 1300 memorat
719 1244 878 1315 Hesychius.
917 1247 994 1300 Idem
1016 1248 1153 1313 ἀψεφὲων
1178 1253 1242 1306 tuor
1258 1249 1383 1305 Herculis
1400 1248 1518 1303 filiorum
1534 1250 1603 1302 natu
1620 1247 1743 1314 maximi,
1767 1245 1885 1302 officium
1904 1264 1964 1302 esse
1981 1248 2014 1302 ut

322 1349 373 1402 per
384 1335 506 1400 ἀμελῶν,
526 1333 554 1384 et
567 1331 652 1398 ψέφει
668 1329 741 1384 inter
758 1329 814 1407 alia
829 1348 880 1400 per
892 1333 1016 1386 δέδοικεν
1028 1333 1057 1386 et
1068 1349 1153 1398 φρον-
1178 1337 1266 1407 patris
1283 1353 1333 1406 per
1350 1351 1458 1389 menses
1477 1333 1632 1401 quindecim
1650 1333 1732 1388 domo
1755 1329 1878 1388 absentis
1900 1335 1942 1398 (ut
1959 1331 2012 1386 De-

321 1419 388 1473 τλζει
411 1416 542 1486 explicat,
571 1416 599 1469 et
621 1415 775 1484 composita
798 1433 906 1484 quoque
929 1418 1102 1483 κατοψέφειν
1126 1417 1154 1468 et
1177 1421 1268 1476 innita
1284 1420 1352 1474 dicit
1372 1439 1397 1474 v.
1416 1421 1475 1486 44.)
1498 1419 1648 1487 quaerendi
1670 1418 1795 1472 laborem
1817 1416 1962 1486 suscipiet,
1988 1416 2012 1470 si

323 1503 496 1568 μεταψέφειν
514 1499 670 1560 annotavit:
694 1500 844 1568 exquibus
863 1500 956 1569 colligi
976 1501 1154 1570 potestate·
1179 1523 1263 1574 quam
1286 1505 1344 1560 eius
1366 1523 1460 1560 curam
1482 1505 1575 1573 gerat,
1604 1521 1660 1558 non
1683 1519 1716 1558 eo
1743 1501 1855 1557 consilio
1879 1511 1910 1556 ut
1931 1503 2013 1572 pater

323 1588 375 1653 φὲς
391 1589 473 1654 τέρας
491 1587 651 1655 portentum
670 1584 724 1638 dici
736 1585 811 1652 quod
822 1585 927 1654 negligi
938 1585 1025 1655 possit
1040 1585 1154 1640 nullam-
1180 1592 1273 1662 pulcre
1295 1591 1387 1645 valere
1410 1593 1553 1656 videatur,
1579 1589 1628 1644 sed
1649 1590 1681 1643 ut
1702 1589 1767 1642 ante
1789 1587 1883 1642 omnia
1905 1587 2014 1641 constet

323 1687 376 1738 que
394 1669 606 1724 sollicitudinem
621 1671 739 1724 moveat.
766 1668 894 1724 Ceterum
906 1674 995 1725 πελᾶν
1011 1687 1066 1725 non
1076 1687 1156 1740 prae·
1180 1679 1273 1730 utrum
1290 1676 1381 1730 adhuc
1397 1675 1473 1729 vivat
1490 1691 1526 1728 an
1542 1673 1704 1744 periculosis
1722 1673 1897 1730 succubuerit
1914 1670 2013 1726 labori-

322 1755 406 1809 sentis
423 1754 556 1824 temporis
575 1756 617 1808 est
634 1753 796 1818 infinitivus,
822 1755 870 1810 sed
889 1755 985 1821 futuri,
1007 1757 1039 1808 ut
1056 1756 1156 1810 chorus
1180 1763 1240 1828 bus,
1258 1779 1327 1830 quos
1345 1760 1370 1814 ei
1387 1759 1543 1814 subeundos
1554 1758 1639 1814 luisse
1651 1757 1783 1812 Deianira
1800 1774 1885 1827 supra
1895 1756 2012 1810 dixerat.

323 1830 408 1908 supra
424 1845 514 1893 atde.
535 1843 563 1892 et
580 1845 637 1894 478.
658 1841 730 1894 εῑοιν
747 1841 777 1893 et
795 1841 924 1905 μέτεισιν,
943 1843 972 1895 et
989 1844 1047 1908 ἥξει
1065 1846 1153 1896 ν.488.
1181 1848 1221 1900 Ex
1243 1846 1286 1900 his
1308 1844 1432 1913 sequitur
1455 1846 1541 1899 verba
1566 1850 1618 1902 τοῦ
1641 1847 1734 1908 καλῶς
1762 1843 1898 1910 πράσσειν
1919 1845 2014 1896 δοκεῖν

323 1923 439 1989 dixerat,
457 1926 486 1978 et
503 1925 579 1978 recte
596 1922 715 1993 quidem,
733 1941 818 1991 quum
836 1925 972 1978 somnium
985 1925 1155 1994 Clytaemne-
1181 1933 1309 2000 (fortasse
1328 1949 1361 1986 ex
1379 1931 1544 2000 glossemate
1562 1935 1613 1984 rod
1626 1933 1720 1993 καλῶς
1733 1931 1869 1996 πράττειν
1888 1918 1924 1981 ad
1936 1929 2013 1994 ὠρσν

323 2012 396 2064 strae
418 2012 484 2078 post
506 2008 625 2062 reditum
648 2008 758 2062 demum
777 2009 880 2063 Orestis
902 2013 1029 2064 eventum
1047 2009 1156 2064 habitu·
1174 2019 1248 2089 *olim
1260 2016 1399 2087 adscripto
1412 2017 1481 2082 orta,
1500 2014 1543 2069 eui
1555 2032 1649 2070 versus
1667 2013 1795 2084 explendi
1807 2029 1902 2067 causes
1919 2015 2014 2066 δοκεῖν

322 2113 383 2149 rum
401 2111 459 2149 esse
477 2095 637 2163 augurem
1181 2103 1290 2158 addidit
1305 2102 1499 2170 interpolator)
1521 2100 1668 2155 verborum
1692 2098 1727 2152 ab
1746 2097 1882 2168 Sophocle
1900 2095 2015 2166 scripto·

390 2181 421 2233 In
434 2177 588 2233 Trachiniis
600 2195 697 2232 versus
708 2179 854 2232 nonnullos
870 2175 899 2232 ih
910 2178 982 2234 librO
1000 2180 1155 2248 antiquiore
1181 2207 1242 2242 rum
1262 2189 1353 2243 locum
1377 2203 1524 2255 occupare,
1552 2201 1622 2252 quac
1645 2175 1766 2238 fortasse
1790 2183 1829 2236 sic
1854 2183 1918 2236 sunt
1939 2181 2014 2236 resti-

324 2266 359 2319 ab
381 2263 626 2334 interpolatorihus
652 2262 751 2317 inscite
779 2280 836 2318 esse
860 2265 983 2334 expletos
1005 2265 1155 2320 clarissimo
1182 2274 1298 2339 tuenda,

325 2348 489 2403 documento
513 2355 577 2402 sunt
595 2365 665 2417 quae
687 2367 712 2401 v.
732 2355 839 2404 79-81.
862 2349 993 2417 leguntur
1009 2349 1156 2404 Deianirae
1250 2361 1368 2424 μάλιστα
1386 2361 1415 2412 δ’
1432 2359 1520 2423 ὅνπερ
1539 2357 1613 2420 εἰκός
1631 2357 1750 2418 Ὕλλον,
1770 2355 1794 2408 ελ
1812 2356 1919 2422 πατρὸς

325 2433 410 2488 verba
1250 2447 1327 2510 νέμοι
1345 2447 1403 2497 τιν’
1422 2445 1511 2510 ὤραν,
1530 2443 1612 2495 τόνδ’
1628 2443 1786 2506 ὑποστῆναι
1805 2441 1902 2494 πόνον.

427 2520 465 2582 1qu
483 2522 500 2584 ἢ
519 2521 657 2585 Τελευτὴν
673 2523 725 2573 εθῦ
745 2519 803 2584 βίου
821 2521 914 2606 μελλεξ
932 2524 1038 2586 reicit,
1184 2532 1214 2584 ut
1231 2531 1383 2596 tolosensi
1406 2530 1496 2582 πόνον
1520 2525 1623 2580 dictum
1646 2525 1689 2578 est
1705 2525 1735 2577 in
1751 2523 1844 2578 Rheso
1861 2542 1886 2576 v.
1908 2528 1964 2576 157.
1989 2525 2017 2576 et

426 2591 565 2653 ἢῖθῦῖθν
584 2587 757 2670 (1901ςᾶθῇον
776 2587 884 2674 ‘listi‘
903 2589 1022 2674 llfflt'm'
1097 2655 1102 2662 .
1184 2618 1289 2679 πόνους
1323 2618 1367 2668 καλ
1397 2614 1541 2675 κινδύνους
1574 2613 1731 2676 ὑποστῆναι
1765 2609 1801 2662 ab
1830 2607 2015 2662 Demosthene

425 2658 478 2709 τόν
496 2657 596 2708 λοιπόν
614 2657 667 2721 ἤδη
687 2657 781 2720 βιοτον
800 2657 904 2726 contum
936 2657 1022 2722 ἔχειν,
1183 2719 1209 2770 p
1225 2705 1281 2765 158
1294 2706 1316 2753 1·
1336 2698 1457 2766 aliisque

325 2757 396 2808 quae
419 2743 450 2792 ut
478 2738 667 2793 tolerabiliora
688 2739 833 2794 redderem
860 2757 912 2808 ego
935 2739 1012 2806 olim,
1042 2741 1158 2796 sublatis
1250 2785 1281 2837 In
1293 2783 1448 2838 Philocteta
1464 2781 1595 2835 nonnulla
1611 2780 1652 2833 ita
1668 2781 1733 2833 sunt
1749 2778 1902 2848 depravata
1919 2779 2016 2831 utnon

326 2841 397 2893 quae
414 2825 530 2878 lacunae
548 2823 699 2893 explendae
715 2841 813 2878 caussa
830 2824 926 2878 addita
942 2823 997 2878 sint
1009 2826 1100 2880 verbis
1119 2828 1157 2892 εἰς

326 2911 377 2963 τόν
395 2912 524 2976 ὕστερον,
543 2907 717 2962 scribendum
736 2925 794 2962 esse
812 2908 916 2963 conieci
934 2913 950 2975 ἢ
969 2917 1072 2965 τοῦτον
1091 2913 1158 2979 ἄρας
1184 2954 1250 3024 qmd
1266 2952 1511 3022 mterpolatonbffl
1528 2949 1581 3004 sit·
1575 2951 1664 3019 ,mput
1652 2940 1767 3003 5390„de
1779 2948 1822 3001 ,91
1834 2947 1944 3001 defecta
1962 2963 2016 3000 sar.

326 2995 414 3048 άθλον
427 2995 555 3062 εὐτόλμῳ
561 2993 660 3087 φρενί,
679 2991 821 3046 velsimile
839 2993 939 3061 quid,⁸
931 3012 959 3046 ιιι
979 3010 1032 3062 quo
1051 2997 1158 3064 acquie-
1184 3039 1318 3094 cientibus
1335 3037 1380 3091 vel
1398 3036 1528 3105 corrupta
1545 3037 1684 3102 utcunque
1703 3032 1918 3102 comgenfibug
1942 3031 1996 3085 ut·
1989 3049 2015 3084 m

1822 3136 1843 3170 ι

329 3247 375 3314 qui
397 3248 467 3301 hago
484 3247 522 3300 sic
549 3247 577 3300 in
601 3247 726 3301 ordinem
749 3247 839 3316 ,effigi
860 3263 939 3317 posse
966 3249 1110 3318 credebat,
1140 3255 1157 3318 ἢ
1185 3227 1260 3264 cuius
1276 3209 1329 3262 hae
1347 3209 1374 3260 in
1393 3207 1486 3260 codice
1503 3204 1689 3260 Laurentiano
1708 3205 1818 3257 exstant
1835 3201 1968 3270 reliquiae

326 3335 410 3386 τοῦτ’
427 3334 548 3396 ἀνατλὰς
572 3332 665 3397 βίοτον
688 3333 806 3386 εὐαλων’
828 3334 914 3400 ἔχειν,
938 3332 981 3386 cui
1002 3335 1159 3402 praeferen-
1285 3291 1796 3421 (δ’ῗρὲξότοᾏττὲκνὲἔδδ(ἒῡᾞξάἀᾚᾩὰν

328 3416 394 3471 llum
411 3417 494 3482 foret,
517 3416 624 3470 adscita
646 3416 719 3472 docti
737 3415 836 3470 Batavi
858 3415 1016 3472 comestura
1037 3423 1159 3476 ὕστατον
1287 3377 1431 3484 ἑκτέταῇἓι
1449 3377 1555 3493 νύςχῑος
1606 3376 1620 3423 χ
1700 3374 1716 3424 ρ

328 3503 435 3568 πόνων,
453 3503 470 3568 ἢ
489 3503 571 3555 τόνδ’
588 3503 709 3566 ἀνατλὰς
726 3502 821 3567 ἆθλον,
841 3504 963 3556 ὕστατον
982 3506 1089 3570 πόνων,
1106 3511 1109 3574 Ι
1125 3509 1159 3560 τὸ
1285 3499 1369 3563 ἀλεὴς
1386 3497 1475 3558 ὕπνος
1492 3497 1592 3558 ἐσθλὸς

327 3589 427 3641 λοιπόν
445 3589 497 3654 ἤδη
521 3587 615 3652 βίοτον
634 3588 751 3640 εὐαλων’
768 3589 855 3653 ἔχειν,
879 3586 930 3639 nisi
951 3588 1038 3642 multo
1061 3590 1160 3660 proba
1287 3567 1320 3619 οὐ
1339 3567 1433 3631 1⁶9⁶ss
1453 3565 1487 3617 Οὐ
1507 3565 1606 3626 ποδὸς
1624 3579 1658 3614 ⁰⁰
1676 3579 1752 3624 τ’νθς
1770 3562 1879 3628 ἄρχων

326 3670 407 3725 bilius
419 3673 491 3725 esset
502 3689 610 3725 versum
627 3671 703 3724 illum
720 3675 854 3739 ἢτοῦτον
871 3673 939 3738 ἄρας
955 3673 1041 3726 ἆθλον
1055 3674 1093 3738 εις
1108 3678 1160 3729 τὸν
1287 3635 1353 3769 ῗὲέ
1367 3635 1473 3764 ἅπτειις.
1480 3632 1569 3766 ἓξὲξ,
1581 3631 1784 3764 Yplffissssilmg

328 3759 449 3823 ὕστερον
467 3758 542 3810 τεοῖο
561 3755 672 3823 quidem
689 3756 832 3825 scriptum,
855 3755 904 3810 sed
920 3757 1034 3812 lacunae
1053 3758 1161 3828 explan·
1287 3773 1321 3823 τὸ
1339 3771 1369 3822 δ’
1386 3769 1529 3832 ἁλώσιμον
1547 3768 1598 3834 ἐμᾷ
1617 3766 1745 3833 φροντίδι
1762 3769 1812 3819 παι

328 3841 381 3895 dae
394 3858 490 3894 caussa
501 3841 591 3893 totum
603 3839 639 3894 ab
657 3839 858 3910 interpolatore
876 3841 1021 3895 confictum
1034 3860 1101 3908 esse,
1119 3845 1161 3897 cui
1289 3841 1377 3901 πόνος
1395 3839 1410 3890 ό
1430 3839 1466 3902 μὴ
1485 3837 1585 3901 φοβῶν
1604 3833 1757 3901 κράτιστος.

329 3925 539 3979 condonandum
558 3925 632 3992 quod
650 3928 717 3992 ᾱρος
738 3929 853 3994 propter
870 3926 951 3980 metri
969 3927 1161 3982 necessitatem
1186 3923 1214 3976 in
1232 3923 1344 3992 quibus,
1368 3920 1474 3976 omissis
1494 3935 1564 3987 quae
1581 3919 1626 3972 vel
1643 3919 1774 3987 corrupta
1791 3917 1833 3970 vel
1851 3915 2018 3985 interpolata

1184 2869 1250 2924 satis
1268 2869 1404 2938 appareat
1421 2865 1488 2936 quid
1510 2865 1679 2933 antiquiores
1695 2862 1802 2918 librarii
1821 2862 2016 2922 commiserint

275 4089 276 4092 Ἴ
327 4025 378 4080 μισ
396 4012 534 4078 ἀράμενος
550 4009 652 4078 posuit,
670 4027 724 4063 non
740 4009 829 4063 minue
845 4010 973 4065 vitiosum
992 4029 1075 4079 quam
1093 4015 1162 4081 μηδέ
1187 4010 1262 4074 sunt,
1285 4009 1338 4060 hae
1356 4005 1491 4060 contineri
1508 4003 1635 4058 videntur
1652 4019 1779 4056 versuum
1797 4001 1958 4069 fragments
1975 4017 2017 4069 ge·

328 4095 432 4149 δειλλαν
454 4095 542 4161 ἀρεῖς,
570 4093 645 4161 quod
667 4093 731 4147 olim
755 4094 795 4148 Ai.
819 4113 844 4148 v.
868 4103 907 4150 ’15Δ
937 4113 969 4150 ex
993 4097 1161 4166 apographis
1187 4093 1272 4146 nuina
1289 4093 1373 4158 οῦρός
1389 4108 1447 4156 τοι,
1465 4091 1580 4154 τέκνοιν,
1599 4089 1718 4155 οὖρος
1736 4109 1742 4126 ·

328 4179 491 4247 quibusdam
509 4177 616 4232 illatum
634 4181 694 4232 erat
710 4189 767 4248 pro
779 4182 855 4248 άρῃς,
875 4182 948 4248 quod
966 4183 1008 4236 est
1019 4181 1048 4234 in
1060 4181 1162 4248 codice,
1288 4200 1306 4230 ι
1318 4212 1336 4230 c
1347 4212 1365 4229 c
1377 4199 1394 4228 L
1405 4211 1423 4228 c
1436 4211 1453 4228 a
1463 4221 1484 4229 -
1496 4209 1514 4228 c
1531 4175 1644 4243 ἀρωγάν

330 4263 365 4317 ab
383 4264 498 4318 librario
516 4263 637 4333 positum
658 4281 709 4333 pro
735 4265 824 4331 ΑΡΗΙ,
848 4283 918 4332 quae
937 4267 980 4319 est
996 4269 1086 4320 forma
1102 4267 1159 4320 vul·
1289 4247 1431 4300 ‘mmm
1449 4246 1635 4364 νὺχῦοτξνο”“’
1610 4311 1622 4363 ἐ
1642 4288 1722 4375 ὅλὸ

328 4349 403 4417 garis
422 4351 474 4417 ἀρῇ
493 4365 544 4419 pro
562 4348 656 4402 Attica
673 4351 746 4416 ἀρεῖ,
775 4366 858 4416 quam
876 4348 1099 4404 Schneidewinus
1121 4368 1161 4404 re·
1288 4335 1489 4448 ζὺυῇἕὸξνοιι
1507 4313 1608 4442 ποδόςς,
1624 4324 1661 4430 iso
1680 4325 1756 4440 τινος
1773 4377 1884 4443 άρχων,

328 4434 427 4488 stituit.
463 4433 525 4489 Alia
547 4433 670 4489 eiusdem
693 4433 801 4502 generis
822 4433 999 4502 interpolatio
1018 4435 1105 4489 latere
1123 4435 1160 4488 vi-
1288 4451 1354 4504 ἁλι,
1372 4451 1411 4512 ὥς
1428 4449 1516 4512 τίςτ
1536 4448 1613 4513 ’Atto
1632 4444 1835 4511 παρακείμενος

329 4518 451 4572 deturv.
471 4525 511 4573 si.
1287 4515 1593 4582 ιυοιυυκαιρια-

397 4609 459 4669 πῶς
477 4609 555 4659 παισὶ
574 4606 624 4669 μὲν
642 4606 771 4657 τοσοῖσδε
791 4607 937 4670 πληθύεις,
957 4606 1026 4672 ἀτὰρ
1346 4585 1493 4639 ν-ἐὸδ
1510 4533 1652 4648 ἓλώῠλμθλ
1671 4582 1726 4648 ἀμᾷ

397 4674 498 4740 ἀνδρὸς
516 4676 586 4726 κατά
604 4673 719 4740 Ζήτησιν
738 4673 771 4724 οὐ
790 4673 906 4735 πέμπεις
923 4674 999 4737 τινά,
1288 4609 1428 4720 ‹priovrlbr
1447 4659 1510 4718 παῖ
1530 4652 1617 4713 πόνος

398 4741 562 4804 μάλισταδ’
579 4743 668 4808 όνπερ
686 4740 760 4861 §rte
778 4741 896 4803 ”,Υλλον
916 4740 940 4793 ει
959 4712 1065 4807 ποιτράς
1288 4724 1358 4788 ὁμὴ
1378 4724 1477 4787 φοβῶν
1495 4694 1642 4786 λέλλᾶελῠῒθς

397 4810 475 4874 νέμοι
491 4827 534 4862 τιν
537 4811 639 4875 ’ὼραν
656 4826 690 4862 το
726 4811 819 4871 καλῶς
837 4783 973 4875 πράσσειν
992 4809 1092 4862 δοκεῖν.
1187 4805 1363 4875 systemate'
1355 4820 1505 4858 inversum
1523 4801 1688 4871 dactylicum
1705 4802 1748 4855 tet
1736 4803 1909 4862 t,rametrum
1928 4801 2016 4868 dacty-

330 4892 402 4946 ubi'
395 4911 423 4945 ιιι
446 4892 566 4947 editione
585 4891 775 4947 Oxoniensia.
796 4897 867 4946 1860.
886 4889 948 4946 aliis
966 4891 1162 4961 praeeuntibus
1187 4891 1270 4945 licum
1287 4890 1435 4944 dimetrmn
1453 4889 1481 4942 et
1501 4887 1650 4942 iambicum
1672 4886 1820 4940 dimehum
1838 4887 1967 4951 exeunte,
1988 4886 2017 4936 ut

329 4978 400 5031 haec
417 4977 573 5032 annotnsi‘
577 4979 686 5034 ‘Verba
704 4985 779 5035 recle
797 4980 1001 5045 interpretatus
1014 4986 1056 5034 est
1076 4975 1195 5035 Wun-
1187 4994 1216 5028 ιιι
1229 4975 1335 5044 Oedipo
1348 4973 1468 5028 (toloneo
1486 4991 1510 5026 v.
1524 4977 1581 5027 234.
1601 4974 1723 5041 systema
1740 4970 1907 5039 dactylicum
1923 4969 2016 5022 iisdem

289 5057 290 5061 ’
331 5065 429 5128 derue,
448 5067 475 5120 si
490 5067 584 5132 patris
604 5065 726 5132 aliquam
738 5080 837 5118 curem
853 5069 944 5130 perat,
964 5081 1002 5117 an
1019 5064 1065 5119 ille
1078 5064 1163 5120 retus
1188 5062 1270 5130 plane
1287 5058 1382 5114 metris
1399 5059 1493 5112 finitur

331 5151 466 5205 secundis
484 5151 527 5204 uti
542 5149 681 5204 uideatur.
707 5145 779 5215 Apte
791 5149 895 5202 dictum
906 5151 957 5200 τοῦ
972 5151 1064 5210 καλιῖις
1077 5149 1163 5214 πράσ-
1290 5147 1367 5208 αὖθις
1385 5145 1511 5211 ἄφορμος
1529 5144 1596 5207 έμάς
1614 5145 1716 5208 χθονὸς
1734 5144 1847 5209 έκθορε,

331 5247 391 5287 σειν
409 5235 511 5298 δοκεῖν,
530 5251 614 5300 quum
633 5251 689 5288 non
701 5235 737 5290 sit
756 5235 786 5288 in
798 5231 876 5298 Hylle·
888 5237 1029 5299 potestate
1038 5236 1164 5300 positum
1291 5231 1327 5296 μή
1346 5247 1372 5283 τι
1391 5231 1462 5296 πέρα
1479 5229 1560 5294 Χρέος
1596 5265 1603 5280 ·

333 5327 362 5375 ut
381 5319 521 5374 Hercules
540 5319 624 5374 retus
642 5318 776 5374 secundis
794 5323 900 5381 utatur,
919 5319 970 5372 sed
986 5318 1039 5374 λοο
1055 5324 1163 5372 tantum
1289 5316 1341 5382 tud
1359 5315 1440 5368 πόλει
1458 5313 1616 5380 προσάψῃς,

330 5408 358 5461 ei
376 5407 414 5460 sit
432 5404 571 5472 aseneum
594 5409 625 5458 ut
642 5404 756 5468 tonum,
780 5405 807 5457 ei
821 5404 887 5468 fieri
901 5404 1006 5468 possit,
1030 5406 1163 5458 nuncium
1190 5415 1222 5452 ex
1241 5415 1297 5468 quo
1318 5399 1448 5469 apparet,
1471 5396 1545 5465 quod
1567 5395 1750 5465 personatis
1772 5398 1948 5452 manifestum
1969 5401 2015 5458 est,

332 5490 417 5545 dees
440 5488 561 5556 offerat,
584 5505 637 5556 quo
652 5491 685 5556 fit
707 5495 737 5544 ut
755 5487 895 5543 Hercules
918 5489 1011 5549 καλῶς
1029 5487 1163 5553 πράσσειν
1191 5483 1277 5538 verba
1298 5486 1333 5537 τό
1356 5486 1385 5536 δ’
1402 5483 1545 5546 ἁλώσιμον
1568 5483 1621 5549 ἐμᾷ
1639 5481 1767 5550 φροντίδι
1791 5489 1840 5536 παῖ
1864 5484 1952 5546 πόνος
1973 5481 2016 5535 ab·

332 5575 409 5641 δοκῇ.
445 5572 613 5638 Scholiasta,
632 5574 648 5625 ὁ
666 5573 696 5625 δέ
714 5576 788 5634 νοῦς,
810 5571 858 5623 lvo
876 5571 963 5638 μάθῃς
982 5570 1006 5623 ελ
1025 5571 1163 5636 φροντίζει
1189 5567 1270 5622 surde
1292 5567 1320 5620 in
1342 5565 1436 5622 codice
1458 5566 1486 5618 in
1507 5583 1592 5620 unuin
1609 5567 1723 5622 redacta
1745 5581 1805 5621 esse
1826 5585 1922 5622 verum
1944 5563 2015 5634 qussi

331 5662 383 5711 τοῠ
402 5658 508 5723 πατρὸς
532 5659 603 5724 ὑπὲρ
622 5661 674 5710 τοιῖ
692 5658 785 5709 δοκεῖν
804 5659 896 5718 καλιῖις
913 5656 1163 5722 διοπράττεσθαι”.
1189 5654 1403 5723 anapaesticum.
