4372 6614
640 503 695 554 DE
721 503 879 555 METRIS
907 501 1139 556 POETARUM
1166 502 1455 557 SCENIOORUM.
1851 501 1894 568 49

195 654 243 703 mii
258 655 361 704 iormas
373 660 578 719 processerunt.
613 655 808 720 Aristophanis
825 654 951 720 exempla
969 662 1034 705 sunt
1109 655 1235 704 Dimster
1247 653 1419 705 acatalectus
1431 674 1449 704 a
1461 686 1479 703 ι.
1490 685 1509 704 ι.
1521 674 1539 705 a
1551 687 1570 706 ι.
1581 689 1599 706 ι.
1611 657 1657 707 ubi
1667 656 1813 721 reperitur,
1825 655 1895 706 nihil

194 721 317 772 Acheru.
331 723 473 775 368-300.
1059 721 1174 787 impedit
1191 722 1334 786 quominus
1352 736 1413 772 cum
1429 737 1512 772 versu
1530 725 1652 788 proximo
1674 722 1811 785 dactylico
1830 739 1892 772 cou-

263 786 293 840 ri
305 786 356 839 ούν
368 787 401 840 ού
415 787 505 851 λέγεις
517 785 651 854 ἐπίξηνον
664 786 820 851 ἐξενεγκὼν
832 789 928 855 θύραζ’
1059 789 1202 854 iungatur,
1219 794 1252 839 ιιι
1264 789 1337 854 apud
1353 789 1436 855 Soph.
1450 790 1518 842 Oed.
1532 789 1562 840 C.
1577 793 1651 842 1673.
1665 811 1699 832 =-
1712 792 1785 842 1100.
1810 791 1893 842 Arist.

266 854 282 906 δ
297 870 325 906 τι
337 855 411 918 ποτ’,
431 853 454 907 dr
468 855 593 920 σχέτλιε,
611 855 646 909 τὸ
659 855 729 919 μέγα
742 857 913 920 τούτ’έχεις;
1060 857 1131 908 Nub.
1142 858 1201 908 280.
1212 875 1248 900 =
1258 859 1316 908 303.

266 921 343 975 πάνυ
355 921 408 988 γὰρ
420 923 502 987 ἔμεγε
514 923 604 984 πόθος
617 923 633 975 ό
645 939 672 975 τι
684 927 800 989 φρονεῖς
812 924 876 988 ἔχει.
1095 920 1241 974 'Trimstri
1258 924 1418 984 acatalecti,
1437 940 1490 990 quo
1503 924 1670 976 Simonidem
1686 941 1764 978 usum
1782 941 1843 977 esse
1856 940 1895 976 re·

196 989 351 1056 iisdemque
364 991 481 1056 syllabis
493 995 521 1042 in
534 992 873 1057 antistrophasae-sso.
907 993 1033 1058 Interpo-
1063 993 1118 1042 fert
1138 992 1244 1044 Marius
1265 991 1435 1056 Victorinus,
1457 992 1533 1042 nulls
1556 993 1629 1058 apud
1651 999 1747 1058 poetas
1769 993 1895 1044 scenicos

196 1059 261 1109 sitis
279 1065 342 1124 post
358 1059 508 1109 secundum
525 1059 670 1110 dimetrum
687 1061 805 1112 senariis
821 1061 950 1112 iambicis
969 1059 1032 1111 duo·
1061 1059 1185 1124 exempla
1203 1060 1388 1123 reperiuntur,
1406 1059 1492 1110 multa
1511 1075 1574 1110 vero
1596 1061 1713 1111 trimetri
1733 1061 1894 1111 catalectici

198 1127 249 1176 bus
262 1125 298 1176 ib.
312 1128 465 1177 aso-495.
490 1127 545 1177 Sex
558 1127 669 1177 dimetri
681 1129 716 1179 ib.
731 1130 848 1179 de-b'l
852 1131 887 1190 1.,
907 1133 1035 1193 quattuor
1061 1123 1100 1187 εἰς
1113 1125 1269 1190 συλλαβὴν,
1284 1142 1363 1191 quern
1377 1129 1524 1191 quinquies
1536 1128 1668 1192 deinceps
1678 1129 1769 1192 posuit
1778 1130 1894 1178 EuaTa

195 1193 247 1242 Av.
264 1195 483 1245 1188-1lse.=
498 1196 687 1260 lasa-1268,
705 1195 758 1246 duo
776 1196 813 1246 ib.
831 1198 890 1248 631.
904 1197 962 1246 602.
993 1195 1034 1245 Pl.
1062 1197 1236 1247 1003-1007.
1248 1213 1282 1237 =
1295 1196 1470 1245 1111-1116,
1489 1199 1518 1244 et
1529 1191 1569 1254 είς
1581 1194 1763 1257 δισύλλαβον,
1781 1195 1894 1260 dactylo

199 1263 260 1310 039.
273 1263 331 1312 040.
1061 1263 1147 1328 primo
1160 1278 1214 1314 non
1224 1277 1294 1324 raro,
1308 1263 1394 1312 rarius
1404 1261 1531 1324 secundo,
1544 1262 1573 1311 in
1583 1262 1733 1327 spondeum
1744 1268 1894 1324 contracto,

1066 1337 1093 1380 et
1106 1330 1229 1381 versibus
1242 1329 1347 1380 duobus
1358 1329 1496 1379 interdum
1508 1331 1600 1392 nexis,
1614 1336 1645 1379 ut
1657 1346 1700 1396 ap.
1713 1331 1808 1395 Eurip.
1822 1330 1895 1380 Med.

1062 1398 1120 1450 638.
1137 1397 1185 1448 ubi
1202 1395 1264 1447 finis
1282 1397 1381 1462 prioris
1398 1398 1427 1446 in
1441 1396 1558 1447 medium
1576 1396 1674 1447 incidit
1690 1397 1854 1448 vocabulum
1867 1400 1895 1446 in

251 1459 363 1525 Dactyli
380 1476 437 1511 una
455 1466 497 1512 est
516 1467 544 1513 et
561 1467 692 1514 constans
713 1478 841 1512 mensura
862 1480 880 1511 s
892 1495 910 1513 ..
923 1493 953 1522 υ,
974 1463 1035 1514 sive
1062 1465 1250 1529 antistropha,
1268 1461 1338 1528 μηδέ
1351 1462 1417 1514 ποτ’
1428 1461 1601 1527 όμφιλόγους
1615 1462 1700 1527 όργύς
1711 1463 1852 1530 ἀκόρεστά
1863 1477 1895 1515 τε

197 1527 273 1578 thesi
289 1559 307 1577 υ
319 1561 337 1579 ι.
353 1529 382 1578 in
398 1528 547 1595 spondeum
566 1534 711 1580 contracta
723 1549 741 1580 a
757 1569 789 1591 -,
813 1531 868 1580 arsi
887 1545 951 1581 varo
969 1546 1034 1580 nun·
1061 1528 1150 1596 νείκη,
1169 1546 1223 1581 non
1235 1532 1264 1581 in
1276 1531 1389 1596 stropha
1401 1533 1459 1583 628.
1477 1529 1537 1582 οὐδ’
1549 1530 1652 1596 ἀρετὰν
1667 1531 1834 1596 παρέδωκαν
1847 1529 1894 1582 όν-

199 1611 281 1660 quam
304 1595 405 1646 soluta.
441 1596 585 1649 Catalexis
609 1597 728 1648 efficitur
752 1599 796 1648 vel
820 1599 920 1648 omissa
945 1597 1034 1648 altera
1061 1598 1172 1664 δρύσιν·
1193 1595 1217 1650 εἰ
1228 1597 1254 1649 δ’
1266 1597 1326 1659 ἃλις
1338 1598 1422 1649 έλθαι.
1447 1599 1582 1650 Diversus
1594 1601 1629 1649 ab
1643 1601 1731 1651 altero
1745 1606 1788 1650 est
1802 1615 1896 1650 versus

200 1664 312 1715 theseos
324 1662 441 1729 syllaba,
454 1665 526 1716 unde
541 1664 686 1715 trochaeus
699 1665 799 1730 prodit,
814 1665 966 1716 cuiusmodi
976 1681 1034 1716 ver·
1062 1683 1096 1716 ex
1108 1667 1171 1717 basi
1180 1665 1317 1730 disyllaba
1331 1671 1358 1716 et
1371 1665 1486 1717 dimetro
1500 1666 1664 1718 catalectico
1676 1665 1716 1728 εἰς
1729 1665 1897 1729 δισύλλαβον

197 1745 246 1780 sus
259 1731 287 1780 in
297 1749 314 1780 a
326 1745 349 1780 ῦ
363 1737 495 1783 exeuntes
506 1732 635 1798 dactylici
646 1733 806 1782 catalectici
817 1729 855 1794 εἰς
864 1725 1034 1796 δισύλλαβον
1062 1734 1236 1799 compositus,
1252 1735 1330 1784 cuius
1340 1734 1457 1798 plurima
1471 1739 1535 1783 sunt
1547 1734 1684 1799 exempla,
1703 1737 1749 1800 qui
1762 1735 1896 1799 quomodo

197 1797 386 1862 appellantur,
398 1799 444 1848 vel
456 1801 557 1850 omissa
569 1805 685 1865 utraque
699 1800 808 1851 theseos
818 1799 936 1864 syllaba,
949 1808 979 1850 ut
992 1816 1034 1850 ar·
1062 1801 1216 1852 metiendus
1234 1802 1271 1851 sit
1288 1800 1388 1851 docent
1400 1801 1525 1864 exempla
1546 1800 1665 1851 lucorum
1677 1805 1706 1852 in
1727 1803 1826 1866 quihus
1843 1816 1896 1852 ιιοιι

198 1869 238 1915 sis
251 1870 358 1916 ιιιιιιιιιιι
371 1867 510 1932 dactylica
527 1873 682 1931 remaneat,
700 1867 858 1918 catalectici
876 1864 915 1928 εἰς
932 1868 1032 1919 συλλα-
1062 1868 1212 1934 spondeus,
1231 1867 1281 1918 sed
1298 1868 1446 1918 trochaeus
1466 1874 1516 1918 aut
1534 1869 1640 1917 iambus
1661 1870 1689 1918 in
1711 1870 1772 1919 basi
1790 1870 1897 1934 positus

199 1931 261 1997 βήν,
275 1938 306 1982 αι
318 1932 413 1984 docuit
424 1934 598 2000 Hephaestio
611 1951 634 1988 c.
648 1939 673 2000 7,
689 1939 710 1985 l.
724 1951 749 2000 p.
761 1938 802 1986 41.
825 1937 927 1986 Versus
938 1936 1034 2000 dacty-
1062 1943 1113 1998 est,
1127 1935 1204 1988 velut
1221 1935 1369 2001 aphesch.
1385 1935 1480 2000 Suppl.
1498 1937 1556 1985 566.
1578 1935 1680 2000 χλωρῷ
1702 1933 1810 1999 δείματι
1826 1935 1896 1987 πόλ-

200 2000 250 2050 lici
269 2000 427 2051 catalectici
449 2001 583 2066 syllabam
604 2003 728 2053 ultimam
749 2004 899 2068 ancipitem
920 2001 1033 2066 habent,
1061 2004 1135 2067 λων,
1157 2003 1206 2054 sad
1223 2003 1252 2052 in
1268 2003 1453 2068 strophabbl.
1466 2001 1604 2064 βουκόλου
1622 2003 1800 2067 πτερόεντος.
1825 2007 1898 2070 pari-

199 2068 446 2132 acatalectieero,
471 2071 569 2134 quibus
591 2075 812 2135 necsystemata
834 2086 885 2120 nec
904 2071 1033 2135 strophae
1062 2078 1157 2136 terque
1174 2071 1212 2121 ib.
1226 2072 1401 2121 631.=661.
1432 2071 1472 2121 Ab
1485 2070 1537 2120 hoe
1556 2085 1684 2121 versuum
1698 2086 1808 2134 genere,
1824 2071 1896 2136 quod

201 2134 274 2186 finiri
287 2135 386 2197 solent,
400 2153 495 2201 purum
510 2143 621 2188 servant
634 2137 784 2203 dactylum.
808 2138 877 2187 Nam
891 2137 1035 2204 Sophoclis
1062 2139 1275 2189 Pherecrateum
1288 2138 1464 2203 appellarunt
1477 2139 1663 2202 grammatici,
1681 2138 1749 2188 nihil
1759 2127 1860 2199 differt}
1873 2139 1897 2187 si

202 2217 300 2254 versus
318 2204 363 2254 Tr.
382 2207 455 2255 1015.
477 2202 538 2255 οὐδ’
555 2203 692 2268 ἀπαράξαι
709 2207 798 2271 κρᾶτα
818 2203 879 2268 βίου
895 2203 977 2258 θέλει.
1007 2210 1036 2255 ct
1062 2206 1135 2274 solas
1144 2205 1266 2270 syllabas
1275 2212 1440 2270 spectamus,
1451 2220 1549 2257 versus
1558 2205 1735 2256 catalecticus
1746 2219 1801 2269 quo
1810 2210 1899 2270 syste-

201 2272 276 2320 1024.
294 2269 362 2337 τᾷδέ
375 2285 408 2335 με
425 2271 492 2338 τᾲδὲ
505 2286 538 2336 με
552 2271 695 2337 πρόσλαβε
709 2269 858 2336 κουφίσας,
876 2274 1035 2339 pariterque
1061 2279 1135 2324 mata
1151 2289 1280 2325 versuum
1296 2273 1491 2338 glyconeorum
1505 2273 1596 2324 claudi
1611 2274 1714 2336 solent,
1733 2273 1811 2324 velut
1824 2272 1898 2336 apud

200 2338 252 2388 Ph.
264 2339 323 2390 827.
336 2359 370 2380 =
382 2341 440 2390 843.
459 2341 487 2389 in
501 2341 600 2405 quihus
613 2341 717 2391 cretico
731 2343 860 2402 creticus,
871 2357 926 2392 non
940 2342 1033 2405 dacty-
1062 2341 1222 2408 Sophoclem
1238 2340 1306 2390 Oed.
1324 2341 1353 2389 C.
1372 2342 1429 2391 706.
1447 2339 1559 2392 λεύσσει
1577 2355 1622 2390 νιν
1639 2338 1737 2404 μορίου
1754 2338 1823 2401 Διός
1838 2339 1842 2404 Ι
1861 2337 1897 2402 χά

199 2405 246 2455 lus
257 2406 422 2472 respondet,
440 2423 495 2459 non
511 2414 575 2458 sunt
592 2409 746 2460 tetrametri
763 2408 907 2472 dactylici,
927 2408 975 2459 sed
988 2409 1035 2459 tri-
1061 2410 1223 2472 γλαυκῶπις
1247 2406 1359 2459 Ἀθάνα
1380 2428 1413 2452 =
1436 2410 1493 2459 710.
1515 2406 1635 2473 θρωσκει
1657 2409 1718 2458 τῶν
1741 2407 1897 2470 ἑκατομπδ-

200 2475 282 2523 metri
299 2475 403 2526 cretico
420 2476 574 2539 terminati,
593 2481 625 2525 ut
642 2475 758 2527 trimetri
775 2477 934 2527 catalectici
947 2473 986 2536 εἰς
998 2475 1034 2526 δι·
1061 2477 1120 2530 δων
1135 2477 1140 2540 Ι
1156 2474 1296 2542 Νηρῄδων
1316 2472 1481 2536 ἀκόλουθος.
1518 2476 1574 2526 Sed
1596 2475 1751 2526 huiusmodi
1772 2476 1898 2526 versibus

200 2539 344 2603 σύλλαβον
361 2543 390 2592 in
402 2543 568 2594 carminibus
587 2543 901 2608 dactylico-trochaicis
913 2545 942 2593 in
956 2544 1036 2594 creti·
1062 2545 1248 2596 choriambicis
1261 2545 1352 2609 potius
1365 2558 1435 2607 quac
1448 2543 1681 2608 praecedentibus
1693 2543 1821 2594 versibus
1833 2557 1896 2592 con-

404 1366 452 1424 13.
489 1367 532 1423 De
555 1373 646 1424 metro
667 1368 820 1440 dactylico.

200 2623 261 2658 cum
280 2614 394 2672 exeunt,
418 2610 494 2661 velut
512 2627 556 2676 ap.
575 2612 670 2676 Eurip.
689 2611 763 2665 Med.
775 2613 834 2661 412.
850 2609 967 2675 ἀνδράσι
985 2609 1036 2674 μέν
1062 2615 1139 2666 venit
1156 2626 1282 2663 mensura
1301 2617 1343 2660 est
1361 2610 1519 2661 adhibenda
1536 2628 1555 2660 a
1566 2653 1586 2660 -
1601 2609 1605 2674 Ι
1625 2630 1643 2661 .'.
1655 2643 1674 2662 ι.
1685 2641 1703 2659 ν
1716 2651 1733 2661 -
1750 2609 1755 2675 Ι
1769 2627 1805 2660 z:
1825 2609 1897 2675 qaod
1997 2663 1999 2667 ,

200 2675 291 2727 δόλιαι
314 2676 425 2742 βουλαὶ,
449 2679 525 2729 θεῶν
547 2677 578 2728 δ’
593 2699 628 2722 =
643 2681 701 2728 424.
726 2677 760 2730 ού
784 2677 838 2742 γύρ
861 2677 891 2730 έν
915 2677 1037 2745 ἁμετέρᾳ
1063 2697 1117 2732 non
1131 2677 1706 2744 animadvortitGaisiordusadHephaest.
1720 2679 1803 2733 volet.
1816 2680 1898 2743 ρ.121

200 2741 303 2810 γνώμᾳ
320 2744 414 2809 λύρας.
448 2747 551 2796 Versus
572 2762 606 2798 ex
629 2745 768 2811 dactylico
786 2746 944 2797 hexametro
961 2753 1037 2796 cata·
1063 2751 1160 2801 -132,
1179 2762 1260 2812 quum
1275 2745 1392 2811 plurima
1404 2745 1547 2810 colligeret
1563 2747 1729 2810 tragicorum
1745 2750 1773 2795 et
1785 2747 1899 2796 comico·

200 2811 303 2863 lectieo
328 2809 367 2874 εΙς
390 2813 534 2877 συλλαβὴν
557 2818 587 2864 at
611 2815 712 2864 cretico
733 2830 791 2866 com
814 2815 902 2865 ositus
925 2821 968 2866 est
992 2830 1036 2879 ap.
1065 2831 1122 2866 rum
1136 2814 1327 2880 exemplanon
1340 2813 1480 2864 distinctis
1493 2813 1899 2878 quaerelchoriarnbicampo-

201 2878 366 2944 Sophoclem
387 2881 457 2930 Oed.
481 2881 511 2930 C.
534 2883 592 2931 241.
617 2880 680 2932 ἀλλ’
702 2879 750 2944 έμέ
771 2829 825 2933 τόν
848 2880 962 2946 μελέαν,
985 2879 1038 2933 lxe-
1065 2881 1390 2934 stulantmensuramvel
1406 2879 1583 2946 dactylicam,
1602 2895 1673 2946 quae
1692 2880 1751 2931 sola
1769 2881 1900 2930 convenit

200 2945 340 3011 τεύομεν,
362 2944 386 2998 ὧ
404 2947 492 3012 ξένοι,
510 2946 666 3015 οἱκτείραθ’
681 2947 707 3000 ἃ.
729 2950 887 3016 pariterque
898 2952 957 3002 240.
984 2951 1037 3000 Νο-
1066 2948 1133 3002 locis
1146 2951 1192 3002 ubi
1206 2949 1300 3015 plures
1312 2948 1467 2999 huiusmodi
1478 2963 1574 2999 versus
1587 2949 1712 2999 continui
1728 2948 1813 3013 positi
1825 2954 1900 3011 sunt,

201 3031 255 3080 que
279 3017 307 3065 in
324 3014 466 3068 Alcmanis
488 3023 516 3068 et
536 3015 691 3083 Sapphonis
712 3018 840 3068 versibus
859 3017 893 3067 ab
911 3017 1038 3082 Hephae·
1066 3023 1096 3068 ut
1113 3017 1185 3082 apud
1202 3016 1368 3081 Aeschylum
1385 3015 1460 3080 Sept.
1477 3019 1537 3068 200.
1553 3015 1598 3067 τοὶ
1616 3013 1736 3079 μὲνγὰρ
1754 3015 1821 3066 ποτὶ
1834 3014 1901 3080 πύρ-

202 3084 294 3134 atione
314 3085 472 3135 memoratis
493 3101 519 3150 p.
541 3087 583 3136 43.
603 3087 646 3137 45.
663 3087 705 3136 40.
727 3084 919 3149 similibusque
942 3086 1040 3136 Alcaei
1065 3099 1132 3147 γους
1152 3083 1157 3149 Ι
1176 3083 1299 3146 πανδαμί
1315 3083 1447 3146 πανομιλί
1466 3079 1471 3150 Ι
1490 3080 1661 3146 στείχουσιν·
1683 3080 1712 3134 τί
1733 3081 1873 3146 γένωμαι;
1895 3081 1898 3150 Ι

202 3167 248 3215 ιιρ.
269 3150 353 3202 Arist.
377 3153 470 3218 vesp?
482 3154 556 3203 1227.
575 3153 650 3204 1220.
672 3157 700 3203 et
721 3152 861 3203 Theocriti
882 3168 932 3218 per
953 3159 1040 3204 totum
1066 3153 1110 3204 rol
1127 3151 1153 3203 δ’
1169 3150 1215 3204 ἐπ’
1231 3149 1427 3214 ἀμφιβόλοισιν
1446 3151 1451 3215 Ι
1470 3149 1602 3202 ἰάπτουσι
1620 3149 1767 3214 πολίταιςΙ
1788 3149 1902 3215 χερμάδ’

203 3233 316 3269 carmen
328 3221 370 3272 29.
386 3233 435 3286 pes
447 3219 574 3284 ultimus,
591 3221 639 3284 qui
656 3220 735 3270 modo
748 3219 875 3284 dactylus
891 3219 971 3272 modo
983 3236 1040 3272 cre·
1067 3219 1243 3285 ὀκριόεσσαν.
1255 3239 1289 3260 =
1301 3221 1452 3270 312-318.
1470 3234 1537 3283 quos
1555 3233 1652 3269 versus
1669 3235 1748 3269 nemo
1764 3217 1848 3270 facile
1862 3219 1901 3268 sic

203 3287 276 3336 ticin
297 3292 354 3350 est,
376 3303 427 3352 pro
444 3286 556 3352 dactylo
572 3287 728 3339 acatalecto
748 3293 791 3338 est
812 3287 969 3352 habendus,
992 3287 1039 3339 sed
1068 3290 1198 3339 metiatur
1213 3305 1231 3338 a
1242 3303 1265 3336 z
1281 3283 1286 3352 Ι
1300 3305 1317 3336 a
1330 3319 1348 3338 ..
1362 3317 1379 3335 υ
1391 3328 1410 3337 -
1426 3285 1430 3348 Ι
1445 3302 1480 3348 ιι,
1498 3286 1638 3350 multoque
1656 3287 1760 3349 mnus,
1779 3291 1811 3336 ιιι
1823 3285 1901 3336 Gais-

202 3354 297 3418 potius
313 3369 362 3419 pro
380 3354 493 3420 dipodia
504 3356 646 3406 trochaica
660 3355 840 3419 catalectica,
859 3357 876 3405 i.
890 3372 914 3406 e.
928 3357 1040 3420 cretico,
1069 3356 1162 3406 fordus
1175 3355 1415 3420 grammaticorum
1426 3369 1510 3417 more,
1523 3370 1556 3404 ex
1566 3355 1734 3419 antispasto,
1747 3355 1825 3404 curius
1835 3353 1901 3402 iam-

203 3421 284 3471 cuius
302 3421 408 3484 syllaba
431 3422 528 3472 ultima
549 3439 652 3488 anceps
674 3427 724 3474 est
760 3423 864 3474 Versus
886 3422 1040 3488 dactylicos
1068 3425 1119 3474 bus
1142 3438 1202 3474 cum
1227 3421 1366 3485 trochaeo,
1391 3420 1513 3486 spondeo
1535 3425 1563 3471 et
1586 3421 1726 3472 tribracho
1751 3423 1902 3485 permutari

204 3489 377 3551 grammatici
406 3503 460 3539 non
484 3495 516 3540 nt
541 3491 736 3556 anapaesticus
759 3507 810 3555 per
834 3490 961 3556 dipodius
984 3507 1040 3541 me·
1068 3494 1169 3556 possit,
1187 3495 1215 3540 et
1228 3489 1343 3539 bacchio
1357 3489 1522 3553 compositos
1534 3503 1595 3539 esse
1609 3489 1713 3539 credet.

203 3557 323 3619 tiuntur,
342 3557 391 3606 sed
408 3571 456 3622 per
473 3559 663 3623 monopodias,
685 3559 725 3608 ita
742 3565 773 3608 ut
791 3559 987 3623 anapaesticus
1001 3558 1040 3608 di·
1119 3559 1254 3608 Trimetsr
1277 3555 1462 3606 catalecticus
1486 3553 1524 3618 εἰς
1544 3554 1724 3618 δισύλλαβον,
1751 3558 1901 3621 praemissa

204 3627 293 3674 meter
309 3639 405 3676 versus
427 3625 465 3674 sit
486 3640 520 3676 ex
532 3631 664 3689 quattuor
682 3625 852 3690 compositus
869 3628 1040 3691 anapaestis,
1067 3627 1129 3676 basi
1139 3627 1188 3692 Ag.
1197 3627 1253 3674 141.
1269 3621 1410 3688 δρόσοισιν
1422 3624 1554 3688 μαλερῶν
1565 3636 1598 3672 τε
1610 3622 1746 3674 λεόντων.
1762 3625 1766 3686 Ι
1782 3621 1901 3674 πάντων

206 3690 364 3758 dactylicus
381 3708 445 3742 vero
458 3692 574 3744 dimeter
590 3707 686 3744 versus
703 3709 737 3744 ex
755 3692 860 3744 duobus
873 3687 1041 3760 compositus
1067 3693 1094 3744 τ’
1102 3692 1271 3759 ἀγρονόμων
1281 3689 1472 3754 φιλομάστοις.
1496 3693 1552 3741 173.
1565 3688 1683 3742 νεικέων
1695 3689 1899 3754 (disyllabum),

204 3757 335 3822 dactylis.
371 3759 480 3826 Singuli
497 3758 603 3825 dactyli
615 3775 750 3826 nusquam
767 3775 877 3812 versum
890 3762 1040 3826 separatim
1067 3759 1189 3813 τέκτονα
1202 3759 1351 3822 σύμφυτον
1368 3755 1466 3808 αἰνῶν.
1502 3759 1544 3808 Ex
1557 3757 1663 3808 duobus
1677 3758 1809 3807 trimetris
1826 3762 1901 3808 cata-

205 3826 382 3876 scribeadnm
395 3827 530 3892 efliciunt,
543 3842 626 3894 saepe
639 3843 705 3879 vero
718 3843 779 3878 cum
793 3827 960 3880 aliismetris
970 3844 1039 3878 com·
1069 3829 1177 3879 lecticis
1195 3825 1233 3888 εἰς
1250 3825 1393 3889 συλλαβὴν
1411 3825 1578 3890 compositus
1596 3831 1640 3876 est
1655 3830 1830 3890 pentameter
1848 3824 1902 3874 ele·

205 3900 359 3957 ponuntur,
377 3894 455 3946 uelut
467 3895 641 3958 dochmiaco,
660 3896 693 3946 de
707 3911 759 3960 quo
774 3911 857 3961 supra
870 3895 1038 3959 dicebamus,
1067 3899 1178 3962 giacus,
1191 3896 1268 3945 cuius
1281 3900 1387 3959 septem
1400 3892 1465 3944 su'nt
1477 3893 1601 3958 exempla
1615 3893 1643 3942 iu
1656 3894 1783 3944 versibus
1795 3892 1902 3956 Euripi-

203 3959 380 4028 δπτόμεΙνον
392 3961 549 4028 nepthuim,
564 3964 641 4013 cuius
652 3963 721 4014 haec
731 3964 902 4029 probabilior
914 3971 957 4015 est
966 3979 1036 4014 men·
1068 3964 1111 4015 dis
1122 3963 1206 4014 Andr.
1219 3963 1361 4014 103-116.

206 4044 276 4080 snra
289 4044 370 4095 quarn
383 4029 521 4094 dactylica
533 4032 561 4080 in
575 4032 706 4081 creticum
719 4033 823 4082 exiens.
847 4032 906 4082 Nec
919 4033 966 4097 qui
978 4032 1041 4082 sim
1117 4032 1282 4082 Trimetrum
1296 4029 1489 4080 catalecticum
1507 4025 1547 4089 εἰς
1558 4028 1702 4091 συλλαβὴν
1720 4043 1781 4078 cum
1799 4043 1903 4092 paeone

204 4096 273 4162 plici
295 4095 405 4163 dactylo
430 4099 569 4163 proximus
589 4103 632 4149 est
656 4098 773 4150 dimeter
796 4099 976 4150 catalecticus
1001 4095 1041 4160 εἰς
1069 4105 1166 4164 quarto
1184 4098 1337 4163 composuit
1355 4095 1506 4161 Sophocles
1524 4096 1593 4146 Oed.
1607 4095 1636 4145 O.
1649 4097 1799 4146 210-223.
1820 4095 1903 4144 inter-

205 4164 352 4228 συλλαβὴν
363 4185 381 4215 ,ν
394 4199 412 4217 a
424 4197 442 4215 υ
453 4202 487 4230 ..,
507 4167 553 4231 qui
569 4165 638 4215 nihil
655 4163 732 4216 aliud
749 4171 791 4218 est
809 4181 892 4231 quam
908 4165 1039 4218 choriam·
1067 4168 1166 4232 positis
1176 4165 1305 4216 versibus
1318 4164 1506 4228 anapaesticis
1520 4164 1701 4228 paroemiacis

204 4234 268 4294 bus,
287 4248 402 4298 usquam
414 4235 567 4300 separatim
583 4233 737 4294 invenitur,
755 4249 810 4284 non
822 4249 884 4284 raro
902 4250 1040 4285 varocum
1102 4235 1149 4285 01.
1171 4231 1243 4295 ῶμοι
1254 4230 1325 4294 ἐγὼ,
1342 4228 1371 4281 τί
1383 4228 1481 4292 πάθω,
1499 4229 1600 4281 τέκνον
1612 4229 1693 4292 έμόνς
1854 4230 1903 4278 210

206 4299 271 4351 aliis
289 4301 384 4351 metris
401 4303 578 4364 coniunctus,
597 4301 761 4365 praesertim
773 4302 884 4367 generis
896 4302 1040 4366 trochaici,
1102 4303 1159 4353 AN.
1172 4299 1238 4364 λέγ’,
1257 4296 1374 4382 ἐπείπερ
1386 4296 1432 4349 ἐπ’
1443 4297 1547 4362 ἔσχατα
1561 4296 1669 4360 βαίνεις.

204 4374 238 4416 ιιι
250 4365 325 4432 apud
336 4369 484 4419 Pindarum
496 4367 630 4422 σύνδικον
642 4366 763 4430 noricae
776 4367 902 4420 κτέανον.
1102 4370 1149 4421 01.
1170 4365 1232 4420 ἀλλ’
1245 4366 1314 4431 ἐρῶ·
1333 4379 1368 4417 ου
1380 4367 1434 4430 γὰρ
1446 4364 1503 4430 έχω
1517 4363 1708 4429 κατακρυφύν.

258 4435 384 4487 Dimetcr
396 4437 580 4488 catalecticus
593 4433 632 4498 εἰς
644 4434 821 4498 δισύλλαβον,
834 4437 869 4486 ab
883 4437 1041 4502 grammati·
1103 4437 1162 4486 XO.
1173 4436 1267 4500 μακρὰ
1279 4432 1425 4498 μέλλετον,
1443 4431 1517 4485 ἀλλὰ
1528 4431 1639 4496 τάχυνε.

207 4503 250 4554 ris
262 4503 387 4554 Adonius
403 4504 575 4569 appellatus,
594 4519 647 4569 quo
660 4503 789 4570 strophae
804 4504 959 4570 Sapphicae
978 4507 1042 4568 post
1103 4503 1150 4552 01.
1170 4501 1257 4554 haino
1269 4501 1332 4554 ἴστε
1344 4499 1398 4551 τινΙ
1412 4499 1485 4560 όνι’;
1504 4501 1563 4551 XO.
1576 4498 1661 4552 όοοιύ.
1854 4502 1904 4548 220

205 4585 303 4622 versus
316 4576 374 4622 tres
387 4571 693 4635 dactylico-trochaicus
707 4572 851 4622 terminari
863 4572 970 4634 solent,
988 4587 1041 4621 non
1103 4571 1149 4622 01.
1170 4569 1249 4620 τότε
1261 4567 1435 4630 Λαβδακιδᾶν
1447 4567 1542 4631 γένος;
1562 4568 1621 4618 XO.
1634 4565 1657 4617 ῶ
1670 4565 1736 4617 Ζεύ.

206 4638 369 4702 infrequens
380 4639 454 4703 apud
463 4645 562 4705 poetas
571 4640 698 4690 scenicos
709 4646 753 4690 est
763 4639 806 4690 vel
817 4641 845 4689 in
855 4638 907 4689 fine
916 4638 1041 4703 stropha·
1104 4638 1150 4688 01.
1170 4636 1268 4688 ἄθλιον
1281 4633 1448 4697 ottericum
1469 4635 1525 4685 XO.
1544 4635 1579 4686 σὺ
1591 4634 1644 4698 γὰρ
1657 4633 1699 4686 ὅδ’
1712 4633 1750 4696 εἷς

206 4721 266 4756 rum
277 4707 322 4756 vel
331 4706 429 4757 mediis
440 4709 469 4757 in
479 4706 613 4772 strophis,
626 4705 757 4772 velutap.
770 4707 864 4772 Eurip.
877 4709 905 4756 in
918 4707 1043 4758 versibus
1105 4704 1151 4755 01.
1171 4701 1233 4766 δέος
1244 4702 1339 4767 ῐσχετε
1352 4702 1438 4769 μηδέν
1450 4701 1495 4754 δυ’
1507 4701 1594 4753 αὐδῶ.

206 4773 471 4837 exPhaethonte,de
481 4776 581 4841 quibus
591 4773 685 4839 paullo
695 4780 758 4840 post
767 4773 884 4836 dicetur,
895 4779 923 4824 et
933 4773 1044 4824 Heracl.
1070 4773 1210 4838 integrum
1222 4771 1273 4822 hoc
1285 4778 1372 4823 metro
1385 4787 1495 4822 carmen
1508 4771 1620 4834 scripsit
1631 4769 1774 4832 Boethius,
1791 4769 1862 4834 quod
1876 4771 1904 4818 in

205 4842 268 4891 609.
279 4841 328 4891 ubi
341 4842 414 4892 inter
426 4842 613 4894 hexametrum
626 4850 654 4892 et
666 4847 858 4894 tetrametrum
875 4841 1043 4905 dactylicum
1070 4855 1222 4890 sermonem
1236 4839 1369 4890 Graecum
1383 4837 1526 4889 transtulit
1539 4839 1675 4888 Maximus
1688 4837 1836 4898 Planudcs,
1851 4851 1904 4888 ιιοιι

206 4907 326 4959 dimeter
337 4910 444 4975 positus
462 4916 506 4960 est
522 4911 552 4960 in
568 4910 683 4974 stropha
694 4907 784 4973 ἄνδρα
795 4907 937 4971 γενέσθαι,
955 4909 983 4958 in
998 4924 1044 4958 an·
1069 4913 1216 4974 perspecta
1236 4907 1331 4956 horum
1351 4921 1479 4958 versuum
1501 4919 1643 4969 mensura,
1668 4921 1738 4970 quos
1762 4920 1795 4955 ex
1816 4905 1906 4955 tribus

205 4976 345 5042 tistropha
361 4973 577 5041 020.·φροντίδα
592 4975 683 5042 λύπη,
706 4977 851 5042 utrobique
875 4992 935 5026 cum
955 4975 1044 5037 hiatu,
1069 4975 1187 5040 dactylis
1207 4989 1316 5038 unoque
1337 4975 1427 5024 iambo
1448 4973 1613 5038 compositos
1635 4987 1695 5022 esse
1715 4974 1844 5038 putabat:
1870 4970 1904 5021 de

206 5045 255 5108 qui
268 5043 383 5110 impedit
402 5045 547 5109 quominus
564 5045 608 5094 hic
626 5059 723 5096 verens
741 5061 802 5096 cum
820 5045 943 5110 proximo
959 5049 1044 5094 tetra·
1070 5057 1123 5110 quo
1137 5042 1258 5108 pluribus
1272 5041 1328 5090 dixi
1340 5042 1368 5090 in
1381 5044 1481 5092 Annot.
1493 5039 1529 5091 ad
1543 5041 1625 5105 Soph.
1639 5039 1781 5091 ed.010n.
1796 5041 1902 5090 altitio.

206 5117 306 5174 metro,
319 5112 366 5176 qui
378 5128 395 5162 a
407 5111 497 5162 vocali
510 5112 618 5178 incipit,
632 5113 661 5161 in
674 5128 756 5162 unum
767 5113 950 5176 coniungatur
960 5112 1042 5161 hexa—
1070 5111 1124 5162 vol.
1136 5112 1159 5160 2.
1175 5126 1199 5176 ρ.
1214 5113 1254 5161 30.

206 5185 335 5234 metrum.
371 5178 474 5230 Eadem
492 5185 594 5243 metra,
612 5179 662 5229 sed
678 5181 738 5230 sine
751 5180 842 5239 hiatu,
861 5193 889 5230 se
902 5179 1045 5244 excipiunt
1121 5177 1289 5228 Tetramctri
1306 5177 1464 5226 catalectici
1481 5171 1521 5236 εἰς
1537 5175 1681 5238 συλλαβὴν
1699 5191 1759 5226 rara
1777 5183 1842 5226 sunt
1858 5190 1904 5224 σκ-

207 5247 314 5296 Phoen.
327 5249 487 5299 teczsor.
510 5248 588 5297 Inter
599 5251 788 5312 pentametros
801 5246 868 5297 duos
881 5247 989 5312 positus
1002 5251 1045 5296 est
1072 5245 1171 5310 ampla,
1185 5245 1262 5295 velut
1275 5261 1319 5309 ap.
1333 5243 1432 5294 Aesch.
1445 5243 1538 5310 Suppl.
1551 5245 1609 5294 543.
1621 5242 1714 5295 πολλὰ
1727 5243 1837 5307 βροτῶν
1849 5241 1904 5292 δια-

208 5315 245 5362 ab
260 5313 400 5378 Aeschylo
417 5315 446 5363 in
458 5313 580 5380 μεσιμδῷ
592 5315 644 5380 Ag.
659 5316 716 5369 108.
734 5315 763 5364 in
778 5314 938 5364 trochaeum
951 5315 1045 5364 exiens
1072 5311 1235 5377 μειβομένα,
1255 5326 1335 5362 versu
1348 5311 1549 5376 antistrophieo
1562 5313 1621 5361 052.
1634 5312 1668 5361 ab
1682 5310 1804 5376 spondeo
1817 5311 1905 5361 norni-

208 5384 270 5441 τοῖς
283 5380 309 5431 δ’
321 5379 487 5444 ὁμόφωνον,
500 5383 528 5432 iu
539 5381 691 5448 spondeum
704 5385 799 5434 exiens
812 5382 974 5448 Ag.110.—-·
989 5385 1045 5433 121.
1071 5383 1115 5431 nis
1124 5381 1227 5447 proprii
1237 5379 1397 5443 incipiente,
1403 5375 1573 5442 Παμφύλων
1582 5391 1613 5428 re
1623 5375 1799 5442 διορνυμένα.
1812 5379 1905 5444 Ειιιιίρ.

208 5448 325 5513 integra
338 5451 461 5500 carmina
479 5448 531 5500 hoc
544 5453 631 5499 metro
644 5448 818 5515 Sapphonem
835 5450 977 5515 scripsisse
991 5449 1047 5499 dici
1071 5448 1152 5499 libes.
1171 5451 1230 5498 243.
1252 5445 1418 5506 ναύσταθμα
1440 5444 1489 5507 βύς
1509 5445 1646 5497 κατιδεῖν·
1671 5445 1781 5508 ἄγαμαι.
1797 5467 1830 5488 =
1847 5449 1905 5497 260.

210 5516 252 5565 ait
274 5516 461 5567 Terentianus
485 5517 598 5568 Maurus
619 5533 645 5567 v.
665 5520 740 5570 2100.
775 5520 865 5569 Μαιιο
887 5533 922 5567 cx
941 5517 1047 5567 duobus
1071 5515 1301 5581 b'requeatissimi
1313 5517 1377 5564 sunt
1389 5513 1704 5564 tetrametriacatalecti
1716 5515 1906 5578 atquibussy·

208 5583 329 5633 Adoniis
340 5584 369 5633 in
384 5599 466 5634 unum
479 5600 588 5636 vorsum
602 5586 757 5637 coniunctis
768 5585 906 5636 Pindarus
920 5585 1048 5650 strophas
1073 5588 1191 5634 stemate
1215 5582 1428 5632 acatalectorum
1452 5597 1505 5630 non
1523 5597 1584 5632 raro
1606 5579 1738 5630 liniuntur
1754 5582 1906 5632 tetrametri

207 5650 301 5702 finivit
316 5652 447 5703 carminis
460 5653 556 5706 Neruei
570 5654 691 5704 secundi.
1073 5651 1231 5703 catalectici
1250 5647 1288 5711 εἰς
1300 5647 1477 5712 δισύλλαβον,
1505 5649 1673 5700 Hexamctro
1689 5648 1853 5700 catalectico
1868 5645 1907 5710 εΙς

274 5751 489 5790 ιἰιοιιαοιιιιιιι.
1074 5801 1077 5810 Δ
1627 5733 1657 5792 p.
