4402 6610
611 508 907 582 ΣΟαΟκκαοαΣ
931 530 1149 583 omnm
1173 532 1249 582 ιιιιι
1276 531 1473 584 κοκαιιαι.
1845 531 1885 595 51

189 635 271 642 .--,--
303 635 763 644 ---,-..,-.-.-.----.---,.-...
778 637 785 642 -
860 637 910 642 ......
1094 637 1154 644 ..—
1256 638 1309 644 ..—-
1334 637 1493 644 --—---—--
1507 637 1649 644 --—----.
1669 638 1788 644 .---—---..
1806 639 1812 644 .
1836 641 1845 645 -
1865 640 1885 645 ..

885 753 1271 861 AAAssz'

253 988 335 1054 ,Τόν
363 988 414 1053 ἐπὶ
438 989 580 1074 Κολωνῷ
605 988 759 1053 Οἰδίποδα
788 988 839 1054 ἐπὶ
865 990 1102 1069 τετελευτηκότι
1127 997 1175 1075 τῷ
1198 990 1321 1075 πάππῳ
1346 993 1519 1072 Σοφοκλῆς
1547 993 1566 1056 ό
1595 991 1707 1071 ὑϊδοῦς
1732 991 1883 1074 ἐδίδαξεν,

185 1090 256 1169 υίός
280 1091 327 1156 ὢν
350 1091 556 1170 Ἀρίστωνος,
582 1091 633 1155 ἐπί
656 1090 818 1171 ἀρχοντος
842 1091 993 1171 Μίκωνος
1003 1106 1025 1169 ⁰,
1049 1091 1088 1171 ός
1111 1093 1180 1160 ἐστι
1202 1094 1355 1171 τέταρτος
1379 1091 1444 1157 ἀπό
1469 1094 1619 1170 Καλλίου,
1643 1095 1695 1174 ἐφ’
1718 1094 1756 1158 ού
1781 1111 1882 1175 φασιν

185 1191 215 1257 οἱ
237 1192 370 1271 πλείους
398 1193 455 1258 τόν
480 1193 652 1273 Σοφοκλέα
679 1195 874 1271 τελευτῆσαι,
924 1183 1032 1276 σαφές
1055 1196 1090 1259 δὲ
1113 1195 1200 1259 τοῦτ’
1224 1194 1311 1260 ἐστίν
1336 1195 1368 1262 ἐξ
1391 1195 1439 1259 ὧν
1463 1195 1481 1259 δ
1504 1197 1561 1274 μὲν
1584 1197 1824 1277 Ἀριστοφάνης
1847 1197 1882 1261 έν

183 1297 254 1372 τοῖς
279 1295 455 1373 Βατράχοις
483 1295 535 1359 ἐπὶ
559 1295 695 1359 Καλλίου
728 1294 839 1371 ἀνάγει
866 1297 945 1374 τοὺς
967 1297 1137 1376 τραγικούς
1159 1296 1240 1376 ὑπὲρ
1262 1301 1338 1375 γῆς,
1367 1297 1385 1360 ὁ
1415 1298 1450 1361 δὲ
1472 1297 1634 1377 Φρύνιχος
1663 1298 1698 1364 έν
1722 1300 1882 1379 Μούσαις,

184 1396 223 1473 ἀς
248 1399 430 1474 συγκαθῆκε
451 1399 521 1476 τοῖς
546 1396 740 1476 Βατράχοις,
764 1398 865 1479 φησὶν
888 1397 994 1476 οὕτως

588 1499 690 1577 μάκαρ
714 1500 915 1578 Σοφοκλέης,
939 1499 978 1578 ὃς
1000 1501 1106 1566 πολὺν
1130 1499 1252 1579 χρόνον
1277 1501 1365 1580 βιοὺς

588 1600 759 1677 ἀπέθανεν,
783 1600 942 1679 εὐδαίμων
965 1601 1047 1681 ἀνὴρ
1069 1603 1119 1666 καῖ
1141 1603 1255 1680 δεξιός,

587 1703 713 1781 πολλάς
736 1701 878 1782 ποιήσας
902 1703 951 1767 καὶ
973 1704 1073 1782 καλάς
1095 1704 1285 1788 τραγῳδίας,

588 1806 697 1882 καλῶς
721 1805 749 1868 δ’
770 1805 963 1884 ἐτελεύτησ,
988 1805 1084 1870 οὐδὲν
1108 1805 1283 1887 ὑπομείνας
1307 1805 1413 1873 κακόν.

182 1908 234 1970 ἐπὶ
262 1909 297 1970 δέ
324 1913 370 1992 τῷ
400 1906 563 1990 λεγομένῳ
592 1905 691 1989 ἱππίῳ
717 1907 859 1993 Κολωνῷ
888 1907 925 1972 τό
956 1910 1059 1986 δράμα
1083 1912 1188 1972 κεῖται.
1233 1908 1301 1973 ἔστι
1330 1909 1391 1987 γάρ
1420 1909 1469 1971 καί
1492 1909 1603 1986 έτερος
1628 1910 1781 1988 Κολωνός
1804 1911 1880 1987 ἀγο-

182 2011 275 2086 ραῖος
298 2007 382 2086 πρὸς
405 2013 450 2091 τῷ
475 2008 694 2093 Εὐρυσακείῳ,
717 2010 802 2089 πρὸς
826 2011 851 2094 ᾧ
876 2009 906 2074 Οί
928 2015 1184 2089 μισθαρνοῦντες
1207 2010 1487 2090 προειστήκεισαν,
1512 2009 1598 2075 ὥστε
1621 2011 1670 2074 καί
1692 2013 1750 2089 τήν
1767 2031 1879 2091 παροι-

181 2108 254 2189 μίαν
277 2109 329 2174 έπῖ
350 2113 419 2189 τοῖς
442 2112 705 2191 καθυστερίῑουσι
727 2115 936 2191 τιῦνκαιρῶν
959 2116 1145 2190 διαδοθῆναι

587 2212 643 2293 ὄψ’
666 2213 772 2292 ήλθες,
797 2213 865 2278 ἀλλ’
889 2214 924 2292 ἐς
947 2213 1005 2279 τὸν
1030 2215 1184 2281 Κολωνόν
1205 2213 1287 2279 ἵεσο.

180 2313 372 2393 μνημονεύει
394 2317 460 2379 τιῦν
482 2318 569 2381 δυεῖν
594 2316 756 2382 Κολωνῶν
780 2315 981 2394 Φερεκράτης
1004 2316 1038 2380 ἐν
1062 2317 1189 2400 Πετάλῃ
1213 2316 1264 2379 διά
1286 2315 1413 2380 τούτων

585 2416 695 2497 οὗτος,
718 2417 818 2482 πόθεν
840 2416 952 2495 ήλθες;
976 2419 1029 2496 Ἐς
1055 2417 1209 2483 Κολωνὸν
1231 2418 1333 2497 ἱέμην,

586 2518 625 2583 ού
647 2520 705 2584 τόν
728 2518 895 2598 ἀγοραῖον,
918 2519 1000 2583 ἀλλά
1022 2521 1079 2585 τόν
1101 2523 1167 2585 τῶν
1190 2519 1324 2590 ίππέων.
1425 2519 1429 2528 ’

178 2635 483 2643 ———-—-——---

265 2749 275 2775 ¹
303 2741 348 2794 ἐπὶ
366 2740 503 2806 ἄρχοντος
523 2739 668 2807 Μίκωνος]
689 2741 790 2808 olymp.
810 2743 851 2806 94,
870 2747 895 2794 3.

929 2946 1129 2955 ...--.——--

702 3139 1042 3218 ΣΑΛΟΤΣΤΙΟΤ
1068 3137 1344 3217 ΤΠΟΘΕΣΙΣ.

263 3347 310 3410 Τά
331 3346 513 3426 πραχθέντα
541 3347 612 3427 περὶ
640 3347 697 3413 τὸν
721 3346 876 3412 Οἰδίποδα
902 3345 996 3424 ἴσμεν
1024 3345 1151 3412 ἅπαντα
1179 3346 1218 3409 τά
1242 3345 1345 3429 ἐντῷ
1369 3345 1470 3430 ἑτέρῳ
1493 3345 1645 3411 Οἰδίποδι.
1690 3348 1877 3428 πεπήρωται

172 3449 236 3527 γάρ
273 3449 322 3513 καὶ
355 3447 483 3527 ἀφῖκται
516 3447 561 3528 εἰς
594 3453 653 3529 τὴν
677 3450 828 3528 Ἀττικὴν,
862 3447 1083 3540 δδηγούμενος
1117 3448 1151 3511 ἐκ
1180 3451 1252 3528 μιᾶς
1280 3451 1347 3513 τῶν
1370 3448 1567 3527 θυγατέρων,
1592 3449 1783 3528 Ἀντιγόνης.
1828 3452 1877 3515 καί
1918 3461 1922 3470 ’

173 3549 266 3615 ἔστιν
296 3550 332 3615 ἐν
353 3555 400 3633 τῷ
422 3551 544 3630 τεμένει
565 3555 631 3617 τῶν
655 3554 796 3632 σεμνῶν,
821 3549 839 3613 ὅ
862 3550 950 3615 ἐστιν
974 3549 1078 3634 ἐντῷ
1101 3551 1289 3634 καλουμένῳ
1311 3549 1410 3632 ἱππίῳ
1436 3551 1590 3633 Κολωνῷ,
1613 3549 1699 3615 Οὕτω
1722 3553 1876 3630 κληθέντι,

172 3650 245 3716 ἐπεὶ
267 3651 318 3716 καὶ
339 3651 554 3731 Ποσειδῶνός
577 3653 665 3718 ἐστιν
687 3652 777 3732 ἱερὸν
798 3653 910 3717 ἱππίου
934 3651 983 3716 καί
1004 3651 1221 3733 Προμηθέως,
1251 3653 1302 3715 καὶ
1330 3650 1429 3715 αὐτοῦ
1459 3651 1490 3715 οἱ
1513 3649 1693 3730 ὀρεωκόμοι
1711 3651 1873 3718 ἵστανταυ

172 3752 246 3818 ἔστι
273 3753 335 3833 γὰρ
363 3753 450 3840 αὐτῷ
478 3754 706 3835 πυθόχρηστον
733 3755 872 3820 ἐνταῦθα
893 3757 960 3820 δεῖν
983 3753 1082 3818 αὐτόν
1105 3756 1212 3834 ταφῆς
1234 3756 1355 3832 τυχεῖν·
1387 3751 1429 3844 αὖ
1452 3753 1492 3831 μή
1515 3752 1603 3818 ἐστιν
1627 3753 1726 3838 ἑτέρῳ
1751 3755 1873 3839 βεβήλῳ

171 3857 298 3934 τόπος,
333 3856 443 3922 αὐτόθι
464 3856 611 3936 κάθηται·
645 3857 695 3921 καί
717 3857 796 3921 κατὰ
817 3857 929 3936 μικρόν
952 3855 1038 3940 αύτῷ
1061 3857 1100 3920 τά
1122 3858 1180 3934 τῆς
1203 3854 1394 3933 ὑποθέσεως
1417 3855 1616 3934 προέρχεται.
1661 3853 1723 3938 ὁρᾷ
1744 3856 1805 3934 γάρ
1827 3877 1874 3934 τις

170 3957 276 4023 αὐτόν
299 3961 365 4024 τῶν
388 3959 548 4035 ἐντεῦθεν,
571 3960 621 4022 καὶ
642 3959 813 4038 πορεύεται
835 3956 982 4035 ἀγγελῶν
1006 3957 1055 4021 ότι
1073 3977 1121 4036 τις
1144 3957 1207 4036 ἀρα
1227 3962 1274 4040 τῷ
1296 3957 1404 4040 χωρίῳ
1427 3957 1533 4042 τούτῳ
1550 3957 1779 4036 προσκάθηται.
1824 3959 1874 4021 καὶ

171 4060 327 4139 ἔρχονται
350 4061 380 4125 οἱ
401 4061 437 4126 έν
458 4067 504 4146 τῷ
527 4060 618 4146 τόπῳ
642 4061 677 4126 ἐν
700 4063 802 4140 χοροῦ
825 4060 970 4139 σχήματι,
996 4059 1214 4138 μαθησόμενοι
1235 4060 1275 4123 τά
1292 4050 1409 4124 πάντα.
1453 4061 1584 4139 πρῶτος
1608 4059 1668 4125 οὖν
1691 4059 1759 4124 ἐστι
1781 4079 1873 4123 κατα-

170 4161 265 4226 λύων
294 4163 353 4240 ιήν
380 4161 586 4243 ὁδοιπορίαν,
615 4163 665 4227 καὶ
692 4169 730 4246 τῇ
753 4162 883 4242 θυγατρὶ
910 4161 1147 4242 διαλεγόμενος.
1197 4159 1325 4242 ἀφατος
1354 4161 1389 4226 δέ
1411 4161 1480 4226 ἐστι
1503 4161 1642 4226 καθόλου
1664 4161 1683 4240 ἡ
1708 4160 1873 4242 οἰκονομία

170 4263 207 4328 ἐν
232 4269 281 4348 τῷ
305 4263 452 4344 δράματι,
476 4264 522 4343 ὡς
546 4265 654 4330 Οὺδενί
675 4262 765 4348 ἄλλῳ
789 4264 918 4344 σχεδόν.

885 4485 1154 4496 ——n—-—

497 4655 690 4708 ΟΙΔλΠΟΤΣ.
1024 4678 1026 4721 γ
1123 4655 1197 4707 ὅπου
1216 4655 1282 4706 ποτ’
1299 4651 1393 4717 ἐσμέν·
1425 4653 1575 4718 μανθάνειν
1593 4655 1646 4721 γάρ
1664 4655 1770 4719 ἥκομεν

257 4730 367 4784 Τέκνον
385 4732 495 4796 τυφλοῦ
513 4729 647 4796 γέροντος
666 4731 824 4796 Ἀντιγόνη,
842 4727 920 4793 τίνας
1023 4782 1025 4813 Ι
1124 4730 1196 4783 ξένοι
1214 4730 1285 4795 πρὸς
1303 4729 1408 4790 ἀστιῦν,
1428 4729 1462 4782 ἀν
1480 4731 1506 4782 δ’
1522 4730 1691 4794 ἀκούσωμεν
1709 4733 1810 4784 τελεῖν,

258 4805 370 4871 χώρους
388 4805 527 4871 ἀφίγμεθ’,
547 4807 564 4870 ἢ
583 4803 672 4858 τίνων
691 4806 803 4871 ἀνδρῶν
822 4806 917 4866 πόλιν;
1023 4820 1025 4839 ·
1357 4814 1556 4867 ΑΝΤΙΓΟΝΠ.
1581 4871 1583 4876 ,

257 4878 302 4942 τίς
318 4881 372 4933 τόν
389 4880 540 4947 πλανήτην
559 4873 776 4933 Οἰδίπουνκαθ
792 4879 900 4946 ἡμέραν
1023 4874 1024 4939 ί
1122 4881 1212 4947 πάτερ
1230 4880 1388 4947 ταλαίπωρ’
1407 4881 1547 4946 Οἰδίπους,
1567 4882 1669 4948 πύργοι
1688 4883 1738 4945 μέν
1756 4881 1783 4934 οἳ

256 4957 314 5021 τήν
333 4960 385 5010 νῦν
403 4961 569 5020 σπανιστοῖς
586 4957 692 5011 δέξεται
709 4956 882 5022 δωρήμασιν,
1022 4968 1024 4978 ’
1121 4958 1205 5011 πόλιν
1224 4958 1380 5022 στέγουσιν,
1400 4957 1438 5020 ὼς
1457 4959 1505 5010 ἀπ’
1523 4957 1667 5023 ὀμμάτων,
1686 4959 1799 5023 πρόσω·
1849 4973 1872 5011 15

257 5033 378 5097 σμικρόν
396 5033 446 5098 μὲν
464 5033 636 5096 ἐξαιτοῦντά,
656 5035 708 5084 τοῦ
726 5035 842 5098 σμικροῦ
861 5034 888 5084 δ’
905 5032 945 5085 ἔτι
997 5046 1009 5084 ο
1121 5037 1210 5097 χιῦρος
1229 5033 1253 5084 δ’
1271 5033 1313 5085 ὅδ’
1331 5032 1399 5099 ίράς,
1419 5032 1457 5095 ὡς
1475 5032 1632 5099 ἀπεικάσαι,
1652 5033 1747 5098 βρύων

259 5111 340 5172 μεῖον
358 5109 493 5174 φέροντα,
513 5110 558 5161 καί
576 5109 639 5161 τόδ’
654 5109 789 5174 ἐξαρκοῦν
807 5107 879 5172 ἐμοί·
1120 5109 1239 5174 δάφνης,
1257 5108 1349 5174 ἐλάας,
1369 5108 1507 5173 ἀμπέλου·
1536 5110 1728 5175 πυκνόπτεροι
1745 5111 1770 5161 δ’

257 5183 385 5249 στέργειν
402 5185 457 5250 γάρ
476 5184 504 5238 αῖ
522 5185 607 5238 πάθοι
626 5201 659 5249 με
678 5185 719 5248 χὼ
738 5185 839 5249 χρόνος
857 5187 950 5238 ξυνὼν
1121 5185 1189 5238 είσω
1208 5186 1271 5236 κατ’
1288 5184 1378 5237 αὺτὸν
1397 5185 1566 5250 εῦστομοῦσ
1584 5186 1713 5251 ἀηδόνες·

258 5260 363 5323 μακρός
380 5261 501 5313 διδάσκει
520 5262 565 5314 καί
583 5260 618 5312 τὸ
636 5264 768 5325 γενναῖον
786 5259 890 5325 τρίτον.
1120 5259 1154 5313 οῦ
1175 5261 1252 5313 κιῖιλα
1270 5260 1382 5325 κάμψον
1400 5261 1479 5314 τοῦδ’
1496 5261 1540 5313 ἐπ’
1558 5261 1675 5314 άῖέστου
1694 5262 1810 5328 πέτρου·

257 5335 329 5401 ἀλλ’,
348 5335 371 5388 os
391 5337 503 5404 τέκνον,
522 5336 640 5402 θάκησιν
659 5336 684 5389 εἴ
701 5351 764 5387 τινα
783 5335 891 5400 βλέπεις

257 5411 276 5475 ἢ
296 5413 366 5478 πρὸς
384 5413 510 5478 βεβήλοις
528 5415 546 5479 ἢ
565 5413 636 5478 πρὸς
654 5413 768 5466 ἄλσεσιν
785 5415 870 5480 θεῶν,
985 5427 1009 5468 ιο

1104 5458 1143 5506 13.
1162 5453 1197 5506 ἃν
1215 5454 1239 5506 δ’
1260 5453 1421 5520 Elmsleius]
1441 5453 1498 5520 ’άν,
1522 5456 1623 5506 omisso
1641 5455 1665 5506 δ’
1735 5458 1774 5509 16.
1794 5455 1869 5506 ἀπει-

162 5610 275 5618 ”’“·
293 5611 325 5616 “
1035 5597 1128 5664 κάοαι]
1148 5546 1305 5664 άάεικάσαι,
1325 5614 1346 5649 π
1365 5602 1399 5651 ab
1419 5599 1437 5651 S
1457 5601 1653 5666 superscripto.
1738 5602 1778 5650 17.
1798 5599 1822 5651 δ’
1839 5601 1868 5649 in

239 5670 265 5716 θ.
295 5664 442 5734 *σμικροῦ]
467 5671 564 5734 μικροῦ
667 5671 692 5721 θ.
715 5665 834 5732 θάκησιν
853 5668 1006 5734 Seidlerus]
1036 5669 1115 5718 initio
1142 5669 1257 5734 proximi
1285 5682 1381 5719 versus
1409 5669 1567 5734 pariterque
1591 5669 1620 5718 in
1643 5669 1706 5720 aliis
1729 5669 1799 5720 locis
1822 5668 1868 5720 ubi

163 5734 301 5786 θάκοισιν
399 5739 439 5786 11.
458 5735 614 5801 ιιυθώμεθα
631 5735 798 5802 Βιυιιοίκίαι]
819 5734 974 5800 πυθοίμεθα
1020 5720 1138 5804 ίκοοιίίῖε
1156 5737 1185 5810 ῖιι
1203 5736 1256 5786 fine
1274 5751 1371 5787 versus
1390 5735 1459 5788 elisa
1477 5741 1529 5788 est.

1623 5820 1665 5886 7*

256 5487 366 5553 στήσόν
384 5504 416 5553 με
436 5487 608 5556 κάξίδρυσον,
628 5489 667 5552 ὼς
685 5487 840 5554 πυθώμεθα
