4402 6610
541 1463 1223 1635 ΣοοοκκυΟνΣ
1301 1472 1555 1636 ΑΙΑΣ.

673 1943 743 2018 ΤΑ
756 1943 862 2020 ΤΟΤ
877 1945 1154 2021 ΔΡΑΜΑἸῸΣ
1168 1945 1419 2021 ΠΡΟΣΩΠΑ

440 2147 576 2202 nourr.
1046 2150 1048 2235 χ
1095 2153 1274 2203 Arrnnon.

440 2235 648 2290 onrnnnrn.
1046 2252 1048 2310 γ
1094 2237 1277 2288 recreor.

437 2321 533 2371 Aren.
1046 2313 1048 2355 ι
1093 2322 1305 2373 irruentes.

438 2406 560 2457 rocon
583 2405 817 2457 nrolnrurnr
837 2405 998 2458 norror.
1045 2374 1048 2469 ί
1094 2406 1335 2458 κτικυιυπακ.

438 2489 649 2542 rennuere.
1045 2480 1048 2556 χ

831 2660 980 2736 ΚΩΦΑ
1009 2660 1262 2736 ΠΡΟΣΩΠΑ

631 2867 866 2918 ΕΤΡΤΣΑΚΗΣ.
896 2866 1142 2918 ΠΑΙΔΔΓΩΓΟΣ.
1179 2861 1462 2923 ΣΤΡΑΊὈΚΗΡΤΞ.
1512 2940 1515 2950 y

946 3072 1146 3080 ..n-*n—

870 3239 1228 3316 ΤΠΟΘΕΣΙΣ.

286 3444 332 3508 Τό
354 3448 457 3523 δράμα
477 3449 535 3523 τῆς
551 3446 694 3524 Τρωικῆς
716 3443 786 3508 ἐστι
800 3444 1033 3524 πραγματείας,
1058 3443 1171 3522 ὥσπερ
1194 3441 1224 3507 οἱ
1239 3441 1508 3508 ΑΝΤΗΝΟΡΙΔΑΙ
1525 3443 1575 3506 καλ
1589 3441 1889 3513 ΑΙΧΜΑΛΩῙΙΔΕΣ

198 3547 251 3612 καὶ
274 3546 437 3633 ΕΛΕΝΗΣ
459 3547 614 3611 ΑΡΠΑΓΗ
637 3549 687 3611 καί
710 3547 896 3614 ΜΕΜΝΩΝ.
940 3547 1150 3623 πεπτωκότος
1176 3545 1237 3623 γὰρ
1259 3545 1295 3608 ἐν
1316 3550 1354 3628 τῇ
1377 3545 1459 3628 μάχῃ
1480 3548 1539 3608 τοῦ
1561 3545 1732 3624 Ἀχιλλέως
1755 3545 1889 3608 ἐδόκουν

197 3647 279 3728 Αἴας
307 3669 342 3714 τε
369 3649 418 3714 καὶ
461 3649 640 3728 Ὀδυσσεὺς
663 3649 718 3712 ἐπ’
745 3649 832 3734 αὐτῷ
854 3649 955 3714 πλέον
976 3670 1005 3712 τι
1027 3647 1205 3727 ἀριστεύειν
1227 3646 1299 3724 περὶ
1320 3647 1379 3724 τὴν
1402 3649 1460 3709 τοῦ
1483 3646 1635 3724 σώματος
1657 3646 1803 3724 κομιδήν·
1840 3646 1890 3709 καὶ

198 3751 399 3830 κρινομένων
420 3751 494 3830 περὶ
514 3754 580 3815 τῶν
606 3749 718 3815 ὅπλων
741 3755 849 3830 κρατεῖ
869 3749 1059 3828 Ὀδυσσεύς.
1104 3747 1179 3814 ὅθεν
1202 3748 1220 3812 δ
1242 3747 1319 3826 Αἴας
1346 3751 1404 3826 τῆς
1432 3747 1568 3826 κρίσεως
1597 3749 1637 3826 μὴ
1660 3748 1766 3826 τυχὼν
1788 3767 1889 3825 παρα-

197 3851 358 3932 κεκίνηται
379 3855 429 3917 καὶ
450 3853 636 3934 διέφθαρται
658 3855 716 3932 τὴν
731 3854 873 3932 γνώμην,
897 3853 982 3917 ὥστε
1006 3850 1231 3933 ἐφαπτόμενος
1254 3853 1320 3914 τῶν
1341 3848 1498 3928 ποιμνίων
1514 3852 1620 3913 δοκεῖν
1635 3850 1713 3927 τοὺς
1728 3851 1889 3928 Ἕλληνας

197 3955 445 4034 διαχρήσασθαι.
493 3955 543 4019 καὶ
571 3954 610 4019 τά
637 3956 694 4034 μὲν
723 3953 828 4020 ἀνεῖλε
856 3959 921 4020 τῶν
948 3955 1171 4033 τετραπόδων,
1199 3953 1239 4018 τά
1266 3952 1302 4015 δέ
1328 3952 1432 4030 δήσας
1456 3949 1572 4028 ἀπάγει
1599 3951 1652 4015 ἐπὶ
1672 3953 1730 4030 τὴν
1753 3951 1890 4030 σκηνήν·-

198 4057 237 4121 ἐν
260 4056 312 4136 οῐς
335 4057 404 4122 ἐστί
425 4078 473 4134 τις
494 4056 545 4120 καί
565 4057 654 4136 κριός
677 4056 802 4136 ἔξοχος,
827 4058 865 4121 δν
889 4058 970 4141 ᾤετο
993 4053 1074 4122 εἶναι
1095 4055 1269 4132 Ὀδυσσέα,
1293 4053 1333 4119 ὃν
1355 4054 1458 4132 δήσας
1481 4053 1718 4131 ἐμαστίγωσεν·
1742 4051 1817 4117 ὅθεν
1840 4054 1891 4116 καὶ

196 4165 238 4244 τῇ
262 4159 424 4244 ἐπιγραφῇ
447 4159 630 4239 πρόσκειται
646 4158 971 4236 ΜΑΣΤΙΓΟΦΟΡΟΣ,
994 4159 1014 4237 ἢ
1036 4159 1120 4236 πρὸς
1144 4156 1389 4236 άντιδιαστολὴν
1411 4159 1471 4220 τοῦ
1486 4154 1656 4220 ΛΟΚΡΟΥ.
1694 4154 1889 4234 Δικαίαρχος

197 4262 236 4324 δέ
249 4261 423 4326 ΑΙΑΝΤΟΣ
445 4260 632 4325 ΘΑΝΑΤΟΝ
656 4260 831 4341 ἐπιγράφει.
874 4261 910 4327 ἐν
932 4262 967 4325 δέ
988 4264 1058 4339 ταῖς
1080 4260 1298 4338 διδασκαλίαις
1321 4259 1427 4338 ψιλῶς
1443 4258 1530 4322 ΑΙΑΣ
1553 4256 1799 4336 ἀναγέγραπται.

923 4485 1172 4492 .-----..-.

270 4651 327 4706 ’tc
345 4651 408 4719 μέν,
428 4651 450 4704 dr
470 4657 523 4704 παι
540 4651 673 4718 Λαρτίου,
692 4649 807 4717 δέδορκα
825 4664 857 4704 σε
1043 4654 1047 4694 ῐ
1126 4649 1211 4703 πάλαι
1229 4651 1438 4715 κυνηγετοῠντα
1457 4650 1502 4702 καί
1521 4648 1712 4714 μετρούμενον
1877 4661 1889 4699 e

269 4729 371 4794 πεῖράν
387 4729 446 4781 τιν’
463 4729 572 4793 ἐχθρῶν
590 4727 713 4794 ἁρπάσαι
730 4727 908 4793 θηρώμενον·
1127 4725 1191 4792 ίχνη
1207 4727 1243 4778 τά
1262 4724 1356 4777 κείνου
1376 4724 1554 4790 νεοχάραχθ’,
1573 4725 1652 4786 ὅπως
1670 4723 1728 4792 ίδης

270 4805 315 4856 καί
333 4805 386 4855 νον
404 4803 448 4856 ἐπί
467 4807 584 4869 σκηναῖς
602 4815 634 4856 σε
652 4807 795 4866 ναυτικαῖς
814 4803 872 4868 ὁρῶ
1127 4801 1182 4855 εἴτ’
1199 4801 1281 4855 ἔνδον
1300 4801 1356 4854 εἴτ’
1373 4802 1425 4854 οὐκ
1443 4801 1534 4854 ἔνδον.
1569 4799 1599 4853 εὖ
1618 4800 1647 4853 δέ
1666 4801 1697 4853 σ’
1713 4799 1824 4866 ἐκφέρει

270 4879 402 4942 Αἴαντος,
421 4877 489 4930 ἔνθα
506 4878 584 4932 τάξιν
601 4879 722 4945 ἐσχάτην
739 4879 803 4943 ἔχει,
1059 4923 1212 4932 “-

1061 4982 1088 5028 iu
1101 4979 1267 5030 carminibus
1282 4978 1389 5030 melicis
1407 4973 1615 5044 descriptiones,
1639 4991 1708 5040 quoe
1725 4976 1804 5040 ipsse
1826 4989 1889 5040 quo·

269 5053 429 5116 Scripturas
448 5051 507 5100 eine
525 5051 634 5101 nomine
654 5050 775 5101 auctoris
793 5048 838 5100 vel
856 5049 885 5098 in
896 5049 1033 5099 lemmatis
1060 5045 1111 5114 que
1134 5061 1229 5098 omnes
1240 5047 1279 5116 ⁸in
1303 5046 1424 5098 editione
1442 5047 1591 5098 Oxoniensi
1612 5043 1752 5094 indicatae
1771 5048 1843 5106 sunt,
1861 5044 1890 5092 in

197 5119 245 5172 rel
263 5136 335 5184 poue
352 5118 480 5169 lemmata
493 5113 601 5184 positae
618 5123 683 5169 sunt
696 5118 800 5169 codicis
812 5117 956 5182 archetypi
969 5117 1032 5167 Flo·
1059 5131 1131 5167 nove
1153 5115 1206 5164 hnc
1230 5114 1352 5165 editione
1375 5114 1542 5181 repetendos
1566 5129 1626 5166 esse
1645 5112 1814 5178 putavimus,
1838 5111 1891 5160 nisi

196 5188 304 5240 rentini
318 5187 364 5252 (L)
377 5185 569 5238 Bibliothecae
582 5184 1032 5248 Laurentiense(XXXII,9.)Cor-
1060 5184 1107 5234 ubi
1126 5198 1194 5249 opus
1212 5189 1295 5246 esset,
1314 5182 1392 5234 velut
1416 5183 1449 5232 de
1468 5183 1564 5233 Aiacis
1581 5198 1606 5233 v.
1627 5181 1767 5231 let—200.
1789 5179 1824 5228 ab
1842 5195 1889 5229 ve·

197 5257 340 5306 rectiones
362 5255 398 5305 eb
417 5254 556 5319 διορθωτῇ
579 5255 661 5306 huius
679 5255 782 5305 codicis
800 5254 891 5304 luctas
912 5253 993 5304 litero
1014 5254 1032 5305 S
1060 5258 1118 5303 tere
1145 5256 1290 5302 metrorum
1314 5256 1466 5302 correctore
1489 5248 1673 5315 interpolatis.
1714 5247 1891 5298 Coniecturis

197 5325 372 5384 convictus,
399 5323 465 5389 quic
487 5323 522 5374 sb
540 5323 621 5373 huius
639 5322 812 5388 grammatici
830 5337 911 5372 mcnu
930 5320 1034 5374 scholis
1061 5320 1174 5371 editoris
1191 5318 1274 5369 litera
1292 5319 1317 5368 D
1336 5323 1379 5368 est
1397 5319 1531 5383 oppositu.

198 5392 307 5442 codicis
318 5391 424 5456 scripte
437 5397 508 5441 sunt.
536 5391 752 5444 Emendationes
765 5405 798 5440 ex
810 5403 864 5442 uno
876 5389 1033 5454 pluribusve
1125 5383 1317 5453 ΥΠΟΘΕΣΙΣ]
1336 5389 1464 5438 Veterem
1481 5387 1553 5436 hanc
1567 5382 1712 5448 ὑπόθεσιν,
1731 5397 1801 5448 quse
1815 5383 1889 5432 exci-

199 5459 308 5510 codicis
320 5461 505 5510 Lcurentieni
523 5460 691 5527 epogrcphis
703 5460 796 5510 iactes
809 5459 943 5508 asterisco
955 5464 1033 5509 note·
1061 5456 1101 5506 dit
1127 5471 1161 5505 ex
1178 5455 1214 5517 L,
1242 5461 1387 5506 servarunt
1414 5454 1588 5520 apographa,
1615 5453 1747 5502 adiuncto
1773 5451 1890 5501 verbosa

197 5529 300 5592 vimus,
316 5529 425 5578 omissis
442 5543 510 5592 quos
527 5543 561 5578 ex
574 5527 695 5578 editione
709 5531 804 5579 nostra
816 5526 968 5577 Oxouiensi
980 5530 1033 5576 ter·
1061 5523 1234 5590 grammatici
1249 5521 1367 5573 alicuius
1381 5523 1531 5586 Byzantini
1545 5520 1725 5586 expositione,
1738 5520 1828 5570 ταῦτα
1840 5516 1890 5580 μέν

197 5597 244 5647 tis
268 5597 311 5659 (o.
329 5595 409 5658 1860)
445 5611 611 5661 cognoscere
636 5596 718 5660 licet,
741 5595 791 5646 sed
812 5609 880 5659 quos
900 5594 952 5645 hoc
972 5594 1033 5644 loeo
1059 5591 1110 5642 οὖν
1128 5588 1244 5657 πράττει
1262 5587 1426 5654 -τρωτὸν
1447 5587 1554 5656 ἔμεινε,
1578 5604 1659 5654 quom
1676 5587 1739 5638 ride
1762 5588 1791 5636 in
1809 5586 1891 5637 Scho-

196 5667 295 5716 notnri
314 5679 407 5716 ornnes
428 5679 484 5714 non
506 5657 566 5716 eret
584 5679 684 5729 operae
703 5663 833 5731 pretium,
851 5661 974 5712 minutiis
993 5678 1033 5712 or·
1061 5660 1157 5711 tiorum
1175 5659 1297 5710 editione
1315 5659 1463 5710 Oxoniensi
1481 5658 1535 5710 vol.
1552 5660 1577 5708 2.
1596 5673 1623 5722 p.
1641 5657 1682 5718 26,
1701 5657 1794 5716 3-28,
1811 5657 1835 5705 4.

197 5733 392 5800 tbogrspbiois
406 5730 523 5798 aliisque
537 5733 701 5798 quisquiliis.
722 5733 780 5784 Nec
792 5746 893 5797 preren
905 5745 1033 5782 versuum
1129 5730 1151 5778 1.
1169 5724 1288 5790 Λαρτίου
1304 5743 1342 5792 pr.
1361 5723 1481 5789 Λάρτίου
1500 5743 1561 5778 cum
1579 5725 1678 5793 spiritu
1696 5740 1713 5774 e
1731 5739 1766 5777 m.
1784 5739 1837 5774 rec.

273 5819 447 5870 Sornocnss.
1668 5807 1685 5870 1
