4372 6614
312 457 335 522 4
989 449 1089 502 VITA
1118 445 1338 532 auectam.

415 545 1984 569 W

273 621 279 633 ·
364 611 416 662 His
433 610 534 664 codicis
551 607 672 660 biedieei
689 602 969 672 excerptis]addenda
988 618 1058 670 quae
1078 601 1137 654 Sui·
1164 603 1201 666 τῆ
1214 595 1239 651 θ’
1251 595 1398 662 ὀλυμπιάδι
1414 595 1488 650 ἐτών
1501 595 1543 648 ὢν
1554 594 1586 647 κέ
1599 599 1749 646 correctum
1766 599 1810 647 est
1825 591 1851 647 θ’
1862 593 1919 647 tuo
1935 609 1986 646 mu·

315 679 365 732 das
376 676 397 731 'a
408 695 434 730 ν.
444 675 579 742 Αἰσχύλος
592 675 709 726 tradidit
720 672 830 724 aliunde
842 673 940 738 petite,
954 671 1004 722 sed
1015 686 1069 721 uon
1078 671 1138 722 siue
1166 674 1235 731 tato,
1248 675 1278 719 ut
1290 669 1318 718 in
1331 667 1509 718 annotatione
1521 664 1637 715 diximus
1650 664 1685 714 ad
1698 680 1723 730 p.
1736 666 1761 727 4,
1773 665 1797 718 b.

315 748 438 814 pluribus
451 745 664 813 partimipsius,
677 741 841 806 dividetur,
855 741 954 808 partim
966 739 1140 791 librariorum
1216 737 1258 787 De
1276 735 1436 801 parentibus
1456 732 1583 797 Aeschyli
1600 735 1708 782 tantum
1728 733 1865 792 novimus,
1884 735 1986 797 patrem

316 815 467 867 erroribus=
1167 806 1193 855 ei
1206 803 1292 855 fuisse
1305 801 1520 868 Euphorionem:
1537 799 1608 850 uude
1626 795 1762 862 Αἰσχύλος
1779 797 1796 851 ὁ
1813 796 1987 863 Εὐφορίωνος

367 887 503 952 Αἰσχύλος
520 886 674 953 Ἀθηναῖος,
698 884 837 951 τραγικὸς,
854 881 914 946 otc<
931 881 982 946 μὲν
998 877 1140 946 Εὐφορίω-
1167 872 1201 923 ab
1213 870 1355 922 Herodoto
1368 869 1525 950 appellatus
1538 873 1581 918 est
1593 867 1724 932 aliisque,
1737 871 1769 918 ut
1781 881 1862 932 supra
1876 867 1988 917 diximus

317 981 376 1030 νος,
396 963 518 1029 ἀδελφὸς
538 963 564 1015 δ’
584 961 722 1027 Ἀμεινίου
743 957 945 1028 [Εὐφορίωνος]
973 958 1018 1010 καί
1042 955 1141 1010 imvm.
1169 939 1202 990 ad
1215 957 1240 1006 p.
1253 943 1277 1003 1,
1290 943 1328 990 3.:
1346 944 1441 988 matris
1457 952 1556 1018 nemen
1571 934 1618 985 vel
1629 939 1776 986 tacuerunt
1792 934 1838 986 vel
1854 949 1908 1016 non
1919 951 1987 985 com·

317 1039 412 1108 γείααα
429 1042 490 1092 τῶν
509 1037 547 1101 είς
564 1037 726 1104 Μαααθῶαα
741 1033 970 1102 ammam,
991 1031 1038 1098 ααι
1053 1031 1140 1100 αὐτῷ,
1168 1014 1275 1088 pertun}
1295 1007 1454 1085 habuerunt·
1470 1002 1622 1086 biographi.
1659 1002 1892 1084 Fratresbaburt
1916 1001 1988 1064 dnos,

318 1119 382 1184 ἔσχε
393 1115 424 1169 δὲ
435 1115 482 1166 καί
494 1113 571 1177 υίούς
583 1114 729 1180 τραγικούς
740 1111 804 1177 δύο,
824 1107 990 1176 Εὐφορίωνα
1008 1109 1052 1161 καί
1065 1106 1141 1160 Εὐαί-
1169 1077 1334 1140 cymssmm
1352 1078 1380 1125 et
1395 1073 1544 1135 Am¹¹¹¹⁸¹¹¹2
1568 1085 1680 1138 q⁰⁰m¹¹¹
1697 1070 1729 1120 ‘¹⁰
1750 1086 1839 1136 Pfl⁰l0
1858 1085 1899 1121 ¹⁰⁸
1917 1075 1990 1120 ⁰0¹²&

294 1207 381 1248 ιωνα
413 1186 567 1256 ἠγωνίζετο
584 1189 609 1240 δ’
619 1188 706 1252 αὐτὸς
718 1187 749 1241 ἐν
765 1192 800 1254 τῆ
814 1179 837 1238 o'
850 1183 997 1249 βίομαγαδ,
1014 1181 1088 1236 ἑτῶν
1101 1182 1142 1236 ὢν
1169 1150 1225 1206 est,
1243 1144 1332 1193 minus
1353 1144 1430 1193 certa
1450 1140 1484 1222 de
1502 1139 1600 1222 altero,
1624 1143 1655 1188 ut
1672 1138 1779 1220 ostendi
1801 1140 1830 1188 in
1847 1145 1940 1220 annot.
1957 1137 1990 1188 ad

382 1231 389 1246 ·
1190 1213 1293 1273 ,1,16.
1321 1211 1363 1261 De
1380 1213 1550 1260 matrimonio
1568 1205 1698 1272 Aeschyli
1714 1205 1990 1271 neverbumqmdem

320 1261 367 1322 '‘5'·
379 1295 389 1318 ⁸
400 1265 484 1328 οὗτος
507 1269 619 1331 πρῶτος
643 1264 707 1332 Εὗρε
731 1265 898 1330 οοοοωοῑίο
917 1261 994 1314 οῑῑνο
1016 1259 1143 1326 Amulium
1170 1229 1240 1330 lixit
1257 1277 1437 1345 biographus,
1458 1291 1512 1326 uec
1528 1275 1627 1326 Suidas
1644 1275 1736 1324 uxoris
1753 1289 1850 1325 nemen
1867 1273 1991 1340 prodidit,

320 1340 484 1409 κεχρισμένσ
495 1340 567 1406 ἔχειν
577 1341 645 1404 τούς
655 1339 803 1406 rpuprobe
815 1337 860 1390 κοί
870 1340 932 1400 Τοῖς
944 1336 1073 1403 ορθύλοῑς
1084 1338 1143 1397 τοῖς
1171 1348 1219 1397 sed
1237 1346 1308 1397 solos
1326 1344 1487 1396 memorarit
1504 1341 1575 1394 filios
1590 1343 1671 1404 duos,
1688 1345 1734 1408 qui
1747 1341 1799 1407 ipsi
1812 1357 1919 1408 quoque
1932 1357 1993 1408 poe·

320 1417 500 1483 καλουμένοις
516 1415 644 1482 ἐμβάταις
661 1419 788 1482 χρῆσθαι.
812 1413 916 1478 ἐγροψε
933 1412 963 1465 δέ
974 1412 1020 1464 καί
1036 1412 1144 1476 ἐλεγεῖα
1172 1420 1218 1465 tae
1227 1413 1327 1479 tragici
1338 1414 1449 1476 tuerint,
1460 1411 1661 1476 Euphorionem
1672 1415 1700 1460 et
1709 1409 1879 1470 Euaeonem,
1891 1410 1924 1460 de
1938 1411 1994 1474 qui-

321 1496 366 1550 καί
377 1479 577 1562 τραγῳδίαςὲ,
596 1491 673 1554 νίκας
689 1491 714 1542 δ’
726 1489 801 1543 εἷλεν
819 1489 872 1554 κη’.
893 1488 994 1554 φυγών
1011 1486 1037 1540 δ’
1047 1485 1088 1550 είς
1104 1488 1145 1540 Σι-
1172 1481 1289 1534 busdixi
1299 1481 1334 1532 ed
1346 1498 1371 1546 p.
1381 1482 1406 1542 4,
1417 1483 1444 1534 4.
1473 1480 1597 1531 Sororem
1610 1477 1748 1558 Aeschyli,
1761 1477 1899 1543 Polypithi
1914 1477 1993 1528 Athe·

285 1559 415 1628 ιοκὲλίαν
433 1567 525 1620 διὰτὸ
542 1571 640 1622 πεσεῖν
656 1567 691 1619 τά
708 1564 780 1632 ίκρία
801 1563 1024 1628 ἐπιδεικνυμένου
1045 1563 1143 1629 αὐτού,
1172 1550 1262 1605 ”Atinii
1291 1555 1419 1634 οοθοοῑῑξι
1448 1547 1523 1630 ⁸⁰¹⁰}
1544 1551 1679 1597 ¹11011¹0¹²i
1701 1545 1815 1627 Surdps,
1845 1543 1994 1608 Φῖλθκλίῖςῖ

322 1646 448 1712 χελώνης
464 1641 655 1710 ἐπιρριφείσης
670 1641 748 1707 αὐτῷ
766 1639 814 1694 ὐπ’
825 1639 911 1693 ἀετοῦ
924 1638 1062 1705 φέροντος
1074 1639 1146 1692 κατα
1171 1613 1366 1680 Πολυπείθους
1406 1615 1557 1679 Αθηναιος,
1570 1612 1714 1678 τραγικὸς,
1733 1627 1792 1676 τοις
1804 1612 1913 1677 χρόνοις
1927 1611 1995 1663 κατά

322 1717 737 1789 ...suspensum
750 1712 982 1783 νττεννενςιι
1173 1655 1756 1817 {irruentibusirritetur
1768 1679 1997 1810 trituret:

1174 1819 1346 1883 Ἀστυδάμας
1366 1818 1382 1870 ὁ
1402 1817 1546 1884 τραγικός·
1572 1815 1676 1868 τούτου
1700 1814 1726 1867 δ’
1745 1787 1840 1881 ίτερος
1860 1815 1997 1880 Φιλοκλῆς

373 1891 415 1940 De
432 1902 503 1938 auno
525 1884 613 1936 natali
629 1883 758 1949 Aeschyli
778 1900 832 1934 uon
852 1883 922 1934 satis
944 1880 1055 1932 definite
1076 1881 1147 1932 dixit
1173 1887 1311 1955 τραγικός,
1347 1887 1522 1939 Clarissimus
1543 1887 1616 1936 inter
1633 1885 1683 1936 hos
1698 1885 1752 1936 fuit
1768 1900 1847 1950 quem
1864 1883 1998 1936 Diodorus

323 1956 500 2023 biographus,
513 1952 572 2004 solo
585 1957 733 2004 memorato
745 1951 909 2018 olympiadis
917 1964 1037 2012 numero,
1051 1964 1085 1999 ex
1095 1965 1147 2015 quo
1175 1960 1219 2022 14,
1232 1959 1274 2008 43,
1293 1956 1342 2008 gub
1358 1954 1515 2020 olympiade
1533 1955 1566 2004 95
1582 1957 1713 2004 memorat
1728 1952 1908 2016 Assyriam,
1931 1955 1999 2004 Mor.
2093 2001 2094 2004 γ

324 2033 401 2077 tanto
413 2023 501 2072 minue
519 2024 623 2071 cerium
640 2020 703 2087 quid
720 2019 859 2071 conficitur
877 2018 940 2086 quis
957 2023 1102 2081 corruptus
1119 2017 1147 2067 in
1175 2027 1236 2077 simi
1245 2023 1324 2088 filius,
1336 2024 1379 2074 cui
1388 2021 1576 2074 incredibilem
1589 2019 1743 2072 tabularum
1753 2021 1811 2074 240.
1824 2035 1965 2072 numerum
1973 2025 2000 2069 et

325 2094 419 2146 codiee
437 2096 491 2142 est:
512 2088 584 2155 quod
600 2088 682 2139 alteri
694 2103 800 2154 quoque
812 2101 923 2138 nurnero
936 2085 1095 2136 sceldiilin·
1107 2087 1147 2136 66·
1174 2093 1307 2144 victorias
1328 2090 1484 2157 quindecim
1506 2089 1603 2140 tribuit
1627 2088 1740 2153 Suides,
1766 2089 1906 2140 obscurior
1930 2087 2000 2138 tilius

324 2162 372 2212 ubi
384 2161 418 2211 de
431 2173 502 2208 auno
515 2158 617 2208 aetatis
630 2157 727 2222 agitur,
742 2171 793 2222 quo
806 2159 929 2206 mortuus
943 2155 980 2204 sit
987 2152 1147 2218 Aeschylus.
1176 2162 1234 2212 eiua
1247 2160 1430 2227 cognominis,
1450 2159 1528 2209 cuius
1540 2163 1602 2209 octo
1615 2161 1722 2208 tantum
1739 2156 1850 2208 fabulas
1862 2161 2002 2208 enumerat

325 2232 419 2294 Neque
433 2226 488 2276 alia
501 2225 631 2289 temporis
642 2226 805 2286 notatione,¹
815 2239 868 2290 qua
881 2220 1023 2288 Sophoclis
1041 2220 1148 2286 biogra-
1176 2229 1284 2280 Suidee,

325 2299 408 2364 phus,
426 2298 571 2360 postquam
586 2292 658 2342 huuc
672 2292 770 2358 olymp.
784 2295 824 2355 71,
836 2294 860 2344 i.
878 2289 1009 2342 archonte
1021 2288 1148 2355 Philippo
1226 2298 1269 2348 De
1285 2295 1457 2347 institutione
1475 2292 1604 2359 Aeschyli
1619 2293 1749 2357 iuuenili,
1772 2309 1853 2359 quarn
1870 2292 2001 2344 credibile

326 2369 419 2415 nalum
439 2376 499 2412 0⁸³⁰
513 2359 594 2423 dixit,
612 2359 772 2425 S⁰le⁰l³m
788 2359 931 2423 νεώτερον
948 2353 1087 2421 Αίολοίοο
1099 2355 1148 2420 ἐΤῖῖ
1176 2369 1219 2416 est
1230 2363 1344 2416 eandem
1362 2364 1420 2414 fere
1432 2363 1518 2414 fuisse
1533 2377 1613 2429 quam
1625 2361 1753 2421 aliorum,
1772 2361 1818 2426 qni
1830 2363 1932 2414 artium
1943 2361 2002 2411 lite-

326 2423 368 2496 tZ',
380 2425 525 2494 Εὐριπίδου
537 2427 568 2479 δὲ
579 2425 767 2492 παλαιότερον
779 2421 819 2480 κδ’
832 2443 891 2478 esse
906 2426 987 2490 dicit,
1001 2424 1150 2491 quidquem
1176 2447 1319 2498 rarumque
1338 2431 1438 2484 studiis
1450 2445 1562 2496 operam
1579 2429 1689 2491 darent,
1709 2429 1837 2480 iuvenum
1854 2429 2002 2480 Athenien-

327 2497 478 2566 profieitur‚
501 2511 611 2547 numero
627 2502 741 2562 utroque
759 2500 899 2561 corrupto,
921 2493 956 2544 de
972 2509 1025 2558 quo
1042 2493 1101 2543 dlxi
1121 2493 1149 2542 in
1177 2503 1246 2552 sium
1259 2501 1344 2552 inisse
1357 2499 1466 2550 aliunde
1476 2499 1608 2561 novimus,
1621 2496 1690 2548 nihil
1702 2495 1817 2548 tradidit
1825 2497 2002 2562 biographus,

326 2568 393 2616 Vita
413 2563 554 2629 Sophoclis
574 2563 660 2615 Oxou.
682 2581 707 2629 p.
725 2565 771 2617 VI.
806 2562 943 2614 Disertius
963 2563 997 2612 de
1013 2560 1150 2626 Aeschylo
1170 2568 1227 2620 -sed
1239 2574 1302 2633 post
1321 2583 1382 2618 uam
1401 2567 1434 2616 de
1452 2567 1529 2632 poesi
1542 2564 1695 2630 Aeschyleo
1712 2565 1808 2630 paneis
1820 2565 1911 2616 verbis
1925 2564 2003 2628 dixit,

328 2633 512 2694 testimonium
525 2637 567 2682 986
579 2631 779 2698 οοΐοῐῖθεῐοβίῖὶ
794 2632 822 2682 i1¹
835 2645 966 2681 ¹118m¹⁰¹¹0
979 2631 1061 2680 Ρὸῐὶῠ
1077 2628 1150 2694 apud
1178 2638 1273 2687 statim
1290 2585 1325 2686 al
1341 2637 1470 2688 virtutem
1487 2633 1615 2686 bellicam
1630 2633 1742 2697 transit,
1760 2647 1842 2697 qnam
1855 2632 2005 2697 Aeschylus

327 2701 494 2754 Boeckhium
512 2699 592 2764 Cori).
608 2699 694 2751 Inscr-
711 2699 764 2754 vol.
780 2701 804 2750 2·
820 2715 846 2764 ρ.
859 2700 922 2760 302,
939 2699 980 2748 62·
995 2695 1027 2748 ἐν
1043 2697 1060 2764 ᾖ
1078 2696 1150 2762 μάχα
1177 2705 1336 2770 probaverit
1348 2717 1428 2769 quum
1437 2703 1537 2768 pugnis
1547 2701 1581 2751 ad
1591 2700 1781 2752 Marathonem
1794 2699 1903 2766 (olymp.
1911 2699 2004 2764 72,3.),

330 2771 378 2837 (τῂ
390 2769 421 2821 ἐν
434 2767 587 2833 Μαραθῶνι
604 2767 629 2817 ol
651 2783 701 2832 του.
715 2770 761 2828 76,
773 2766 808 2832 3.)
828 2762 1041 2831 συνηγωνίσατο
1054 2761 1151 2828 Αίσχίῖ·
1179 2771 1215 2823 ad
1228 2771 1394 2822 Salaminem
1405 2765 1607 2836 (olymp.7b,l.)
1620 2773 1648 2819 et
1660 2769 1794 2819 Plataeas
1804 2769 2004 2834 (olymp.⁸lb,2.)

329 2836 531 2902 eutromius
542 2834 616 2886 ἑτῶν
625 2784 784 2900 ύοΛΛΛΠ,
797 2851 831 2886 ex
840 2849 893 2900 (1ῦο
902 2834 1024 2899 ⁸⁰q¹¹iiur
1034 2833 1152 2898 Aeiehy·
1178 2842 1341 2902 interesset,
1364 2853 1434 2904 quae
1456 2837 1484 2888 in
1502 2851 1588 2888 annos
1610 2837 1712 2888 aetatis
1733 2835 1861 2901 Aeschyli
1881 2836 2007 2887 incidunt

329 2909 384 2959 lum
397 2912 490 2956 nurum
502 2918 563 2955 esse
580 2903 680 2970 olymp·
693 2905 738 2965 63,
750 2905 775 2954 4·
795 2903 840 2953 cui
852 2917 923 2952 auno
941 2902 1068 2952 convenis
1081 2900 1152 2967 quor
1179 2911 1221 2971 su,
1233 2909 1266 2958 ω
1279 2913 1309 2958 et
1319 2908 1361 2958 46.
1379 2913 1406 2957 ec
1418 2905 1451 2956 ie
1464 2921 1556 2971 pugne
1568 2904 1742 2956 Marathonia
1760 2910 1859 2955 testem
1874 2904 2007 2954 nubemus

329 2975 465 3040 deprime
482 2987 562 3037 quam
579 2970 731 3037 Aeschylus
748 2970 898 3022 obtinuerit
910 2970 1027 3020 victoria
1043 2970 1153 3020 scenice
1180 2977 1265 3027 etium
1277 2973 1512 3040 chronographum
1525 2974 1665 3024 marmoris
1678 2973 1753 3022 Parii
1771 2988 1796 3037 p.
1809 2975 1872 3034 aba,
1885 2973 1927 3024 63.
1945 2972 1963 3040 ᾗ
1977 2969 2007 3023 ἐν

330 3041 437 3097 rettulit
450 3040 549 3092 Suidas
562 3055 583 3095 s.
595 3056 620 3090 ν.
632 3037 788 3104 Πρατίνας,
801 3034 1008 3103 ἀντηγωνίζετσ
1020 3035 1051 3088 δέ
1068 3035 1153 3101 (Πρα-
1181 3042 1253 3110 μάχῃ
1279 3039 1493 3108 συνηγωνίσατο
1521 3038 1657 3104 Αίσχύλος
1680 3039 1697 3091 ὁ
1722 3039 1842 3105 ποιητὴς
1865 3038 1941 3090 ἐτιῖιν
1967 3037 2008 3090 ών

330 3109 420 3174 rivae)
438 3106 567 3171 Atcxuto
585 3121 616 3159 ts
635 3107 680 3158 Κοί
692 3105 810 3173 >loreum
827 3103 1154 3170 interrumperemus
1180 3109 1294 3165 ΔΔΔΠ.
1320 3111 1419 3162 Tribus
1433 3115 1523 3160 autem
1536 3108 1592 3160 illis
1604 3111 1633 3159 in
1645 3108 1745 3174 pugnis
1759 3109 1822 3175 quid
1835 3107 2008 3174 praestiterit

331 3175 500 3242 ὀλυμπιάδος
516 3176 562 3227 καί
574 3177 687 3240 πρῶτος
702 3175 808 3239 ἔγραψε
824 3173 974 3240 scrupeus:
993 3173 1064 3224 unde
1082 3173 1154 3239 quod
1181 3178 1333 3244 Aeschylus
1342 3179 1486 3240 nescimus,
1498 3177 1551 3227 nisi
1563 3176 1633 3242 quod
1643 3176 1806 3227 Plutarchus
1816 3176 1883 3230 Mor.
1894 3177 2007 3241 punse

332 3247 406 3314 apud
423 3244 538 3297 eundem
555 3243 611 3310 alio
628 3244 688 3294 loco
704 3243 805 3308 legitur
822 3243 941 3294 inlibris
957 3239 1112 3306 ἠγωνίζετο
1124 3239 1154 3293 ἐν
1182 3246 1344 3312 Aeschylum
1356 3243 1551 3310 ἠγωνισμένον
1562 3245 1616 3309 τῆν
1634 3241 1665 3296 ἐν
1678 3242 1832 3308 Μαραθῶνι
1848 3242 1940 3309 μάχην
1952 3242 2009 3295 ἐπι-

331 3333 481 3346 ”-·-”
1182 3316 1280 3380 φανύις
1292 3314 1372 3378 dixit,
1386 3319 1414 3365 et
1427 3313 1553 3364 siiniliter
1565 3313 1680 3363 Photiua
1692 3314 1758 3363 Lex.
1772 3328 1797 3377 p.
1810 3314 1869 3375 246,
1883 3315 1925 3362 23.
1950 3311 2009 3363 Μα-

382 3387 408 3435 2.
428 3377 608 3447 Εὐφορίωνος
625 3379 670 3431 καί
688 3376 878 3444 Κυναιγείρου]
896 3377 1020 3431 Alterum
1036 3377 1088 3430 hoe
1106 3375 1155 3430 Εὐ·
1182 3381 1323 3449 ραθώνιον
1343 3379 1460 3447 solque:
1489 3377 1638 3443 Αίοχύλος·
1664 3377 1829 3445 εὐδοκίμησε
1846 3378 1900 3444 γάρ
1913 3377 1946 3430 ἐν
1967 3382 2008 3429 τώ

332 3449 474 3519 φορῖωνσς
490 3449 598 3501 librarii
608 3464 699 3498 errore
716 3463 750 3499 ex
768 3447 997 3514 praecedentibus
1010 3447 1155 3512 repetitum
1184 3449 1339 3516 Μαραθῶνι
1356 3449 1409 3502 σύν
1421 3452 1463 3515 τῷ
1476 3445 1590 3513 ἀδελφῷ
1605 3446 1773 3514 Κυναιγείρῳ
1788 3447 1867 3513 (corr.
1882 3429 2010 3509 Κυνεγεί-

334 3536 395 3574 esse
413 3517 550 3570 intellexit
565 3518 792 3567 Westermannus
809 3517 899 3580 Biogr.
922 3531 948 3580 p.
968 3517 1024 3566 126.
1061 3511 1155 3567 Κυνσι-
1184 3520 1247 3586 ρῳ),
1266 3519 1359 3584 glossa
1372 3534 1405 3570 ex
1418 3517 1515 3568 comici
1525 3517 1641 3567 alicuius
1655 3521 1751 3581 poetae
1762 3514 1832 3574 loco,
1846 3521 1877 3566 ut
1888 3515 2009 3578 videtur,

333 3587 426 3654 γείρου
443 3601 541 3638 nomeu
554 3582 719 3648 Κυνεγείρου
736 3583 908 3635 scribendum
926 3583 986 3634 esse
1002 3582 1111 3634 ostendi
1129 3585 1156 3632 in
1184 3591 1281 3650 sumta,
1294 3588 1341 3653 qui
1350 3585 1514 3651 Aeschylum
1524 3582 1714 3649 Μαραθώνιον
1724 3582 1845 3647 ποιητὴν
1855 3581 2010 3649 appellasse

335 3661 428 3710 annot.
451 3654 529 3719 adp.
549 3655 577 3715 1,
595 3655 618 3703 2.
714 3655 738 3702 4.
762 3648 928 3716 Εὐφορίωνα
949 3650 993 3702 καί
1016 3648 1155 3716 Εὐαίωνα]
1184 3654 1306 3718 videtur,
1325 3669 1404 3720 quem
1420 3653 1584 3718 scripturam
1597 3653 1720 3703 serravit
1731 3651 1895 3716 Hesychius,
1914 3649 2011 3716 Μαρα-

334 3727 413 3778 Ρτῖατ
433 3725 598 3774 memoratur
617 3721 646 3769 in
666 3719 856 3786 Aristophanis
875 3719 1004 3782 byzantii
1026 3716 1158 3771 incolcet
1185 3721 1257 3773 θώνε
1276 3722 1362 3786 δῆμος
1374 3724 1424 3786 τῆς
1437 3720 1576 3785 Ἀττικῆς·
1595 3719 1662 3772 ὅθεν
1677 3718 1722 3770 καί
1734 3718 1853 3783 ποιητὴς
1865 3717 1902 3782 ῆν
1915 3717 2011 3783 Μαρα-

334 3791 475 3858 Ειιτίρίιῖίο
493 3788 620 3846 Medeae,
637 3790 750 3852 πρώτος
767 3787 876 3870 (olymp.
889 3788 934 3850 87,
949 3787 983 3850 1.)
1001 3783 1157 3851 Εὐφορίων,
1184 3789 1298 3854 θώνιος,
1317 3790 1364 3855 qui
1380 3789 1431 3840 hoe
1448 3789 1541 3854 potius
1553 3788 1662 3839 videtur
1681 3788 1772 3838 dicere
1785 3787 1925 3850 debuisse,
1943 3785 2012 3839 ὃθεν

335 3861 467 3926 δεύτερος
483 3856 642 3920 Σοφοκλῆς,
666 3852 759 3920 τρίτος
781 3853 927 3919 Ευριτίδης
942 3879 987 3907 -.
1027 3853 1157 3920 Alterius,
1185 3858 1230 3910 κοί
1255 3855 1390 3922 Αίσχύλος
1412 3855 1535 3974 τιοιητας1
1555 3853 1660 3921 είρηται
1685 3852 1880 3918 Μαραθώνιος.
1916 3857 2012 3921 Neque

337 3927 446 3981 aliunde
459 3942 513 3977 nou
526 3925 643 3989 cogniti,
660 3939 757 3974 nomen
769 3920 896 3974 Εὐαίωνα
912 3924 1044 3990 scriptum
1057 3922 1086 3972 iu
1099 3924 1157 3972 cod.
1185 3926 1257 3978 enim
1272 3925 1422 3978 verisimile
1444 3930 1486 3974 est
1537 3923 1695 3988 αραθώνιον
1716 3921 1821 3988 ποίημα
1842 3923 1875 3975 dc
1895 3921 2010 3988 ἐλεγείῳ

336 3997 425 4048 Puris.
437 3997 473 4057 A,
492 3995 520 4044 in
533 3989 658 4053 Εύβίωνα
671 3996 827 4056 corruptum
838 3991 867 4041 iu
879 3991 955 4041 libris
968 3991 1157 4056 deterioribus,
1186 4009 1247 4045 esse
1260 3992 1468 4058 intelligendum
1480 3994 1521 4056 τῷ
1535 3988 1574 4052 είς
1585 3989 1652 4053 τούς
1665 3990 1696 4043 ἐν
1708 3988 1863 4055 Μαραθῶνι
1874 3990 2013 4056 τεθνηκό-

336 4083 370 4117 ex
383 4080 435 4132 qno
444 4059 657 4112 Mediolanensis
667 4059 767 4110 Snidae
782 4058 870 4109 editor
879 4073 928 4110 suo
941 4060 1056 4110 arbitrio
1067 4055 1157 4110 Βίωνα
1184 4075 1248 4126 τας,
1267 4061 1337 4127 quod
1349 4059 1514 4125 Aeschylum
1527 4060 1710 4125 composuisse
1723 4059 1831 4110 rettulit
1843 4059 2013 4125 biographus

336 4134 406 4184 iecit
426 4129 623 4192 sinuatione,
647 4143 728 4193 quum
745 4123 885 4188 Εὐαίωνος
901 4127 1017 4178 nominis
1035 4127 1158 4192 exempla
1185 4131 1233 4181 lin.
1251 4133 1291 4181 40.
1314 4129 1358 4179 cui
1375 4144 1469 4194 parum
1488 4129 1655 4178 conveniunt
1671 4126 1794 4192 proxima
1816 4129 1902 4178 verba
1919 4127 2013 4177 Photii

337 4202 415 4267 plura
431 4199 613 4263 reperiantur.
714 4198 738 4245 5.
756 4198 791 4260 τῆ
804 4192 833 4259 ὁ]
850 4198 885 4260 τῆ
898 4188 923 4245 θ’
939 4194 1011 4247 libri.
1045 4195 1157 4245 Rectum
1187 4195 1323 4261 Αίσχύλος
1336 4202 1363 4248 et
1376 4193 1540 4260 εὐδοκίμησε
1551 4194 1613 4260 γάρ,
1623 4196 1769 4246 manifesto
1783 4211 1837 4246 non
1849 4195 1885 4246 ad
1895 4192 2012 4259 ποίημα,

338 4281 476 4318 numerum
493 4267 528 4328 τῆ
546 4262 699 4315 oreatituit
710 4263 847 4313 Meursius
867 4279 901 4314 ex
918 4262 1002 4314 Suida
1019 4263 1077 4328 ipso
1096 4279 1117 4317 s.
1134 4279 1167 4314 ν.Ι
1185 4265 1235 4316 sed
1248 4265 1282 4316 ad
1294 4266 1383 4331 ipsam
1396 4263 1524 4330 Aeschyli
1536 4278 1679 4328 personam
1698 4263 1861 4328 spectantia.
1895 4263 1964 4314 Nam
1977 4263 2012 4314 de

336 4330 492 4400 Πρατίνας,
513 4327 719 4397 ἀντηγωνίζετο
736 4329 767 4381 δέ
792 4328 953 4395 (Πρατίνας)
976 4327 1105 4394 Αίσχύλῳ
1127 4344 1159 4382 τε
1187 4334 1307 4384 carmine
1325 4333 1348 4384 si
1365 4347 1452 4384 sermo
1470 4336 1557 4394 esset,
1575 4347 1630 4382 nou
1642 4327 1792 4395 Αίσχύλος,
1811 4331 1857 4382 sed
1871 4327 2012 4394 Αίσχύλαιι

338 4404 383 4454 καῖ
407 4397 525 4464 Χοιρίλῳ
549 4397 595 4451 ἐπί
616 4400 668 4462 τῆς
691 4396 898 4462 ἑβδομηκοστῆς
922 4397 1091 4459 ὀλυμπιάδος
1114 4399 1159 4450 καί
1187 4400 1330 4452 dicendum
1344 4401 1451 4454 inisset.

337 4472 451 4534 πρῶτος
467 4466 573 4531 ἔγραψε
589 4465 734 4531 σατύρους.
825 4468 848 4515 6.
871 4464 1008 4531 χρώμασι]
1028 4466 1073 4518 καί
1091 4466 1159 4530 χρώ·
1235 4469 1278 4519 De
1290 4469 1348 4518 loco
1361 4483 1438 4534 quem
1451 4468 1480 4517 in
1493 4468 1659 4520 exercitibus
1671 4467 1706 4519 ad
1719 4467 1919 4530 Marathonem,
1933 4467 2013 4518 Sala·

338 4548 404 4603 μασι
424 4537 566 4587 Kasterus.
601 4533 727 4600 χρώμασι
749 4534 834 4584 habet
853 4533 889 4598 A,
914 4549 965 4585 om.
987 4536 1081 4586 ceteri.
1188 4540 1287 4587 minem
1299 4541 1327 4586 et
1339 4535 1470 4586 Plataeas
1484 4551 1544 4586 cum
1557 4535 1680 4586 hostibus
1694 4537 1848 4600 congressis
1860 4533 2014 4600 Aeschylus

337 4605 404 4667 τοὺς
415 4601 574 4669 τραγικούς]
591 4604 646 4654 Aut
657 4599 723 4663 τοὺς
738 4600 886 4666 τραγικούς
902 4601 1053 4667 ὐποκριτάς
1069 4603 1161 4652 dicen·
1187 4605 1308 4655 tenuerit
1324 4603 1394 4654 nibil
1409 4602 1525 4654 tradidit
1541 4603 1715 4669 biographus.
1751 4605 1853 4654 Ducem
1872 4604 2014 4668 copiamm

339 4676 403 4726 dum
416 4677 476 4722 erat
487 4676 548 4732 ant,
567 4671 638 4737 quod
653 4669 847 4734 Bemhardyns
864 4669 996 4733 coniecit,
1013 4669 1080 4731 τοὺς
1095 4683 1160 4735 τρα-
1188 4673 1223 4722 ab
1239 4671 1454 4723 Atheniensibus
1474 4671 1636 4736 Aeschylum
1658 4672 1768 4722 missum
1789 4672 1874 4722 fuisse
1896 4686 1949 4722 non
1971 4677 2015 4721 eat

338 4738 456 4808 γῳδούς.
525 4739 550 4789 8.
568 4741 684 4814 χρῆσθαι
695 4737 896 4802 Bernhardyns.
929 4740 1077 4803 κεχρῆσθαι
1088 4739 1159 4791 libri.
1189 4739 1346 4791 verisimile.
1371 4741 1441 4802 Nam
1454 4739 1477 4788 ei
1488 4754 1558 4790 nnus
1571 4756 1604 4790 ex
1618 4739 1719 4801 decem,
1732 4740 1779 4804 qui
1789 4739 1935 4803 quotannis
1945 4739 2015 4804 eligi

389 4812 413 4860 9.
423 4803 579 4872 τραγῳδίας
594 4805 629 4872 ¹1]
643 4803 798 4872 τραγῳδίας
808 4805 877 4855 dixit
887 4808 1073 4857 annumeratis
1084 4807 1159 4858 tebu-
1189 4809 1330 4871 solebant,
1343 4809 1510 4872 στρατηγοῖς
1522 4807 1633 4869 fuisset,
1652 4807 1735 4858 credo
1748 4807 1798 4858 hoo
1810 4807 1913 4858 diserte
1927 4807 2015 4857 dictu-

339 4879 380 4943 lis'g
392 4876 526 4941 satyricis.
561 4875 675 4927 Rectius
691 4875 776 4941 igitur
792 4870 916 4938 δράματα
934 4874 1048 4926 dixisset
1060 4881 1090 4926 ut
1102 4875 1159 4926 bio·
1188 4892 1246 4927 rum
1259 4876 1342 4926 fuisse
1356 4875 1546 4941 biographum,
1564 4875 1788 4939 quemadmodum
1800 4875 1835 4926 So
1856 4874 1942 4925 hoelis
1955 4875 2014 4926 bio-

340 4945 460 5012 grapbus
476 4957 558 5007 supra
575 4960 601 5009 p.
611 4943 637 5004 2,
658 4945 699 4996 66,
731 4943 876 4993 Numerum
897 4947 988 4993 autem
1008 4943 1162 4994 fabularum
1189 4944 1308 5010 graphus
1321 4943 1481 5009 Sophoclem
1497 4944 1549 5008 τῆς
1566 4941 1694 5009 seudum
1712 4891 1881 5008 στρατηγίας
1897 4941 2015 5006 ἀξιωθῆ-

339 5013 492 5078 nonaginta
503 5012 577 5062 iusto
589 5012 719 5062 maiorem
736 5025 797 5062 esse
813 5009 1027 5074 supradiximus
1046 5011 1080 5060 ad
1098 5027 1124 5077 p.
1138 5015 1161 5062 ⁸2.
1188 5025 1233 5063 ναι
1250 5011 1328 5062 dixit.

405 5077 483 5141 νίκας
499 5076 524 5130 δ’
536 5074 611 5130 είλεν
628 5076 674 5143 κή]
693 5079 774 5129 Hunc
791 5093 897 5142 qnoque
913 5093 1053 5129 numerum
1068 5095 1163 5144 parum
1238 5078 1399 5145 Aeschylum
1412 5079 1550 5145 mysteriis
1562 5079 1701 5129 initiatum
1713 5085 1756 5144 et,
1771 5094 1853 5143 quum
1865 5075 2014 5144 ἀπόρρητα

339 5147 509 5216 probabilem
532 5161 593 5197 esse
617 5151 713 5210 patet,
741 5161 793 5197 uec
816 5145 902 5198 multo
926 5145 1094 5211 probabilior
1117 5146 1163 5198 liet
1189 5147 1324 5212 quaedam
1335 5148 1364 5197 in
1377 5147 1480 5198 fabulis
1493 5149 1551 5197 suis
1563 5146 1740 5212 prodidisset,
1758 5143 1885 5208 ἀσεβείας
1898 5161 2014 5197 accusa-

340 5217 441 5283 siquis
461 5215 593 5267 victorias
613 5219 807 5280 postmortem
828 5219 982 5279 reportatas
1003 5221 1163 5266 annumeret
1189 5221 1245 5265 tum
1257 5215 1353 5279 fuisse,
1369 5220 1449 5267 vetus
1462 5217 1536 5266 lama
1553 5215 1606 5265 luit
1618 5217 1708 5266 verbis
1740 5213 1948 5264 arumdefinitis
1961 5229 2015 5264 me·

341 5284 451 5337 collutis
472 5282 617 5348 biographi
633 5280 725 5332 verbis
740 5282 787 5336 lin.
800 5283 841 5336 67.
861 5280 938 5344 νίκας
954 5281 985 5333 δὲ
1005 5283 1056 5344 τάς
1072 5281 1163 5346 πάσας
1189 5288 1295 5334 morata
1307 5283 1342 5334 ab
1354 5283 1501 5336 Aristotele
1511 5283 1574 5332 Eth.
1584 5284 1707 5346 Nie.3,2.
1721 5231 1778 5333 ὐδέ
1787 5279 1903 5346 πράττει
1912 5279 2014 5344 ἀγνοή-

340 5352 441 5418 εῖληφε
451 5348 635 5415 τρισκαίδεκα,
648 5347 700 5400 οὐκ
712 5348 807 5413 δλίγος
819 5349 851 5402 δέ
860 5351 930 5414 μετά
941 5350 1077 5415 τελευτὴν
1086 5349 1162 5414 νίκας
1188 5363 1264 5404 σειεν
1277 5348 1311 5401 ἀν
1323 5364 1378 5414 τις,
1396 5349 1457 5403 οῖον
1475 5348 1606 5412 λέγοντές
1623 5361 1709 5414 φασιν
1726 5348 1856 5402 ἐκπεσεῖν
1868 5349 1977 5413 αὐτοῖς,
1996 5347 2013 5412 ῆ

340 5418 527 5486 ἀπηνέγκατο.
546 5425 574 5470 et
586 5417 686 5470 Suidae
703 5433 725 5468 s.
739 5434 763 5469 ν.
776 5416 936 5484 Εὐφορίων,
948 5445 981 5454 -
999 5417 1030 5482 ὃς
1047 5419 1094 5471 καί
1104 5423 1163 5483 τοῖς
1188 5417 1240 5470 οὐκ
1256 5416 1357 5471 εἰδέναι
1372 5417 1415 5470 δτι
1431 5417 1577 5483 ἀπόρρητα
1589 5419 1633 5481 ῆν,
1653 5417 1749 5482 ώσπερ
1761 5414 1898 5482 Αίσχύλος
1912 5416 1948 5467 τά
1960 5430 2008 5480 μυ-

341 5487 479 5554 Αίσχύῖου
491 5488 542 5538 rob
555 5485 671 5551 πατρὸς,
688 5483 730 5547 αῖς
743 5486 828 5550 μήπω
840 5487 878 5553 ῆν
890 5485 1009 5540 imberti
1030 5501 1101 5552 ενος,
1118 5503 1150 5540 τε
1188 5485 1282 5549 στικά,
1302 5503 1354 5538 uec
1366 5487 1449 5538 multo
1463 5486 1611 5537 dilucidius
1623 5487 1657 5536 ab
1670 5486 1810 5537 Clemente
1823 5487 1900 5537 Alex.
1914 5484 2014 5535 strom.

340 5555 435 5625 τράκις
444 5552 579 5620 ἐνίκησεν.
596 5552 701 5618 ἔγραψε
708 5552 739 5604 δὲ
748 5553 793 5605 καί
802 5553 900 5611 οἰκεία.
939 5503 1035 5621 ibex]
1048 5555 1163 5610 Rectum
1189 5559 1214 5606 t.
1231 5571 1257 5622 p.
1274 5555 1333 5606 461.
1352 5553 1391 5615 ώς
1407 5551 1543 5618 Αίσχύλος
1558 5549 1595 5604 τά
1611 5551 1748 5619 μυστήρια
1765 5552 1810 5604 ἐτιῖ
1826 5555 1931 5618 σκηνῆς
1951 5550 2015 5603 ἐξει-

342 5641 471 5686 snttomin
481 5639 619 5682 numerum
630 5639 690 5680 esse
700 5613 738 5682 ἔθ’
749 5638 832 5695 supra
842 5627 960 5686 diximus
968 5641 993 5695 p.
1003 5627 1028 5682 θ.
1191 5622 1255 5681 πών
1271 5621 1301 5676 ἐν
1318 5620 1416 5689 Ἀρείῳ
1435 5620 1517 5689 πάγῳ
1533 5621 1635 5691 κριθείς
1651 5619 1743 5682 οὐτως
1759 5619 1862 5687 ἀφείθη
1880 5617 2015 5681 ἐπιδείξας
