4272 6596
623 540 960 630 Aprauoonuoss
985 580 1334 637 succussatura
1762 585 1823 652 185

141 720 236 774 σατο.”
272 724 436 774 Eustathius
455 741 480 789 p.
500 727 573 788 1828,
587 729 627 776 sl.
646 725 719 780 ἐνδὲ
731 719 872 795 άνωνύμιμ
886 730 968 796 ῥητο-
994 730 1027 782 οὐ
1046 732 1133 795 μόνον
1151 732 1274 786 κλινίδια.
1299 734 1336 785 Ἀ.
1354 735 1548 791 Δαιταλεῦσιν.
1572 737 1712 802 κλινάριον
1724 756 1757 790 ex
1770 740 1823 790 hac

141 799 205 861 ρικῷ
224 797 322 863 λεξικῷ
340 798 475 864 γράφεται
489 802 533 853 καί
546 800 590 853 δτι
607 801 747 866 ὀξυτόνως
760 806 805 856 καί
818 807 968 857 συνεσταλ-
995 806 1088 858 sabula
1105 810 1203 860 Pollux
1223 813 1262 873 10,
1280 813 1320 861 32.

141 870 228 934 μένως
251 871 295 923 bul
313 871 439 937 ἱματίων.
463 875 541 941 φέρει
558 876 589 928 δέ
607 878 652 930 καί
669 882 766 944 χρῆσιν
780 882 831 931 τοῦ
844 885 968 946 κωμικοῦ
1027 879 1075 939 34.
1109 885 1207 936 Pollux
1226 888 1249 948 7,
1268 889 1325 942 153.
1341 885 1378 939 Ἀ.
1392 884 1457 938 δ’ἐν
1469 887 1637 941 Δαιταλεῦσι
1652 891 1697 942 καί
1714 892 1752 943 λυ
1758 906 1823 956 ρω-

139 947 171 998 τό
190 945 277 1000 “Ὅτε
295 948 344 1010 τάς
362 948 411 1012 όάς
429 949 609 1016 ἑποιήσατο.”
994 956 1069 1010 νίαν
1087 976 1142 1012 που
1160 961 1241 1024 λέγει.

170 1017 424 1114 28.'Phrynichps
442 1043 468 1092 ρ.
486 1031 526 1078 81.
564 1027 697 1094 Ἀκεστὴς
716 1031 845 1094 λέγουσιν
868 1031 894 1084 ol
916 1047 968 1084 us·
1026 1032 1075 1095 35.
1110 1038 1350 1105 Photiusp.291,
1371 1041 1410 1089 16.
1446 1036 1667 1105 Νεβλάρετοι;
1691 1042 1822 1109 περαίνει.

139 1098 221 1162 λαιοί,
243 1097 295 1150 οὐκ
313 1100 432 1164 ἠπητης.
469 1100 528 1154 ἔστι
552 1103 601 1166 μέν
623 1105 784 1170 ἠπήσασθαι
807 1107 880 1161 ἅπαξ
903 1109 969 1173 παρ’
993 1108 1099 1176 ἄσημος
1112 1115 1195 1178 φωνὴ
1209 1113 1255 1166 ἐπί
1266 1116 1318 1165 τοῦ
1332 1111 1480 1177 περαίνειν.
1504 1115 1706 1184 Ἀριστοφάνης
1722 1121 1823 1173 Δαιτα-

141 1173 332 1240 Ἀριστοφάνει
354 1176 384 1227 ἐν
405 1177 588 1246 Δαιταλεῦσι,
612 1179 738 1234 παίζοντι
765 1184 814 1246 τάς
837 1183 967 1238 Ἡσιόδου
993 1187 1094 1238 λεῦσιν.
1125 1187 1286 1252 νεβλάρεται
1299 1191 1410 1254 scripsit
1427 1191 1533 1243 Alberti
1552 1196 1581 1243 iu
1593 1197 1771 1248 annotatione
1788 1199 1822 1248 ad

139 1247 279 1312 ὑποθήκας
303 1249 366 1300 νκαί
390 1249 521 1305 κόσκινον
543 1255 735 1320 ἠπήσασθαι.”
775 1261 967 1326 Aristophanis
994 1265 1126 1328 Hesychii
1149 1265 1266 1330 glossam
1288 1264 1461 1330 νεβλάραιε
1492 1265 1639 1332 περαίνειν.
1679 1273 1824 1325 Dobrseus

139 1328 220 1376 verba
238 1327 335 1376 attulit
352 1328 470 1380 Thomas
489 1333 561 1397 Mag.
579 1350 604 1398 p.
618 1337 658 1386 27,
682 1337 734 1386 Est
752 1353 846 1388 versus
863 1339 966 1388 heroici
994 1334 1244 1390 iuAdver‘sar.vol.
1264 1344 1287 1394 l.
1306 1358 1331 1406 p.
1345 1343 1402 1392 603.
1429 1341 1607 1409 Nestspm:
1626 1347 1660 1400 τὸ
1674 1347 1823 1415 περαίνειν.

139 1402 238 1462 exitus,
259 1405 336 1453 cuius
354 1403 382 1452 in
396 1405 497 1455 vicinia
511 1407 628 1460 fortasse
648 1411 749 1462 lectum
762 1414 815 1464 suit
828 1414 989 1464 oraculum'
1026 1411 1075 1470 36.
1110 1415 1227 1466 Photius
1251 1433 1276 1482 p.
1294 1419 1351 1478 350,
1378 1419 1415 1467 10.
1450 1416 1629 1483 Ὀρτυγαςι
1655 1425 1823 1476 συστέλλον-

138 1477 349 1529 Atheniensibus
367 1479 515 1545 aliquando
538 1485 639 1535 editum
658 1484 756 1550 Αἰετός
779 1486 809 1539 έν
832 1488 966 1556 νεφέλῃσι
993 1504 1039 1552 τες
1063 1488 1088 1542 ol
1108 1489 1227 1542 Ἀττικοί
1251 1488 1362 1552 λέγουσι
1384 1491 1417 1542 τὸ
1439 1509 1462 1544 υ.
1485 1496 1531 1545 καί
1552 1496 1604 1547 τόν
1627 1497 1823 1563 ὀρτυγοκόπον

137 1551 265 1617 γενήσεαι
286 1555 380 1618 ἤματα
403 1555 509 1621 πάντα,
534 1560 638 1626 dequo
661 1564 812 1615 scholiasta
829 1565 922 1630 Equit.
941 1583 965 1614 v.
993 1565 1123 1631 βραχέως.
1160 1565 1239 1630 δηλοῖ
1259 1564 1296 1616 Ἀ.
1313 1566 1509 1620 Δαιταλεῦσιν.

40 1665 45 1676 .
139 1631 207 1679 ίῦῖῦ.
227 1629 331 1681 τούτου
349 1630 379 1681 δέ
390 1635 442 1683 τοῦ
457 1638 581 1699 χρησμοῦ
595 1636 630 1688 οὐ
643 1637 730 1699 μόνον
744 1639 877 1704 ἐνταῦθα,
896 1639 966 1692 ἀλλά
1026 1639 1073 1699 37.
1109 1642 1223 1707 Suidas,
1242 1640 1449 1705 Ῥαγδαίουςι
1467 1645 1822 1715 -έστιτὸόνομα-καί

138 1703 178 1755 καί
202 1704 233 1756 ἐν
252 1705 359 1772 Ὄρνισι
379 1712 446 1765 (878.
469 1709 539 1778 986.)
564 1713 608 1762 καί
631 1714 800 1767 Δαιταλεῦσι
822 1713 965 1780 μέμνηται.
993 1715 1023 1768 ἐν
1042 1717 1229 1770 Δαιταλεῦσιν
1250 1716 1478 1783 Ἀριστοφάνους,

138 1786 163 1831 et
184 1782 320 1833 Aristides
341 1784 394 1837 vol.
419 1788 441 1835 1.
461 1803 490 1852 p.
514 1789 570 1852 186,
596 1791 635 1838 14.
657 1791 705 1842 ubi
727 1791 782 1840 vid.
806 1791 890 1842 schol.
911 1791 964 1841 vol.
1026 1789 1074 1849 38,
1113 1792 1271 1843 Athenaeus
1293 1796 1317 1843 4.
1341 1811 1366 1860 p.
1396 1796 1471 1846 lese.
1512 1795 1689 1863 Μνημονεύει
1715 1802 1746 1854 δέ
1772 1807 1823 1855 τοῦ

137 1860 157 1907 3.
175 1873 200 1922 p.
219 1860 276 1908 341.
594 1901 598 1922 ,
992 1866 1164 1932 τριγώνου
1176 1867 1362 1930 (instrumenti
1374 1872 1484 1936 musici)
1496 1873 1600 1926 τούτου
1619 1905 1652 1912 -
1665 1877 1702 1929 Ἀ.
1715 1877 1745 1930 έν
1756 1880 1789 1931 Δ.

167 1928 216 1989 29.
252 1935 415 1986 Eustathius
433 1953 458 2001 p.
478 1939 551 2001 1578,
571 1943 611 1991 30.
630 1940 663 1991 dc
682 1943 810 2008 prosodia
828 1945 964 1993 nominum
1027 1939 1076 1998 39.
1111 1942 1209 1993 Pollux
1229 1946 1252 2006 7,
1271 1945 1328 1995 168.
1359 1943 1408 2010 Τῷ
1426 1945 1456 1996 δέ
1474 1947 1588 2001 λοῦσθαι
1608 1953 1653 2002 καί
1669 1953 1703 2004 τὸ
1721 1968 1823 2018 ψυχρο-

135 2009 161 2058 in
184 2021 227 2059 οια
251 2015 279 2059 et
301 2025 343 2061 εια
368 2026 465 2076 agens,
489 2014 569 2077 καλή
591 2013 714 2068 άναιδεία
732 2017 760 2068 δέ
778 2031 847 2083 φησι
866 2016 965 2085 (Αἴλιος
992 2020 1120 2083 λουτρεῖν
1143 2017 1176 2068 ἂν
1199 2017 1349 2085 προσήκοι,
1374 2017 1522 2087 εἰρημένου
1539 2028 1590 2076 τοῦ
1614 2025 1822 2094 ἐψυχρολου-

136 2085 294 2151 Διονύσιος)
314 2087 359 2137 καί
377 2087 541 2153 ήπρονοία,
561 2090 602 2140 ὡν
620 2090 738 2144 πάντων
750 2093 902 2146 ἐκτείνεται
916 2094 965 2158 μέν
992 2092 1165 2159 τρήσαμεν
1194 2092 1225 2145 ἐν
1251 2094 1438 2162 Δαιταλεῦσιν
1466 2099 1691 2166 Ἀριστοφάνους.
1735 2108 1822 2158 Recte

135 2160 151 2224 ἡ
170 2159 329 2226 τελευταία,
349 2161 367 2224 ή
386 2161 415 2212 δέ
433 2163 488 2227 πρό
502 2163 590 2228 αὐτῆς
603 2164 738 2219 ὀξύνεται.
763 2169 965 2235 Ἀριστοφάνης
995 2169 1221 2233 wyttenbachius
1239 2170 1274 2220 ad
1291 2172 1468 2223 Plutarchum
1487 2175 1540 2228 vol.
1553 2181 1577 2228 6.
1595 2195 1620 2242 p.
1633 2181 1692 2233 446.
1712 2187 1739 2231 et
1757 2181 1822 2232 Fal-

135 2237 318 2290 Δαιταλεῦσιν
342 2237 384 2288 “dr
408 2239 526 2303 προνοία
548 2242 593 2292 καί
622 2241 772 2296 ἀναιδεία.”
812 2248 896 2296 Patet
921 2247 965 2296 his
992 2245 1176 2311 ckenburgius
1203 2247 1341 2298 meliorem
1370 2249 1482 2299 formam
1511 2253 1714 2315 ψυχρολουτεῖν
1744 2259 1822 2308 resti·

135 2315 223 2363 verbis
241 2329 296 2364 nou
314 2315 400 2364 fuisse
419 2315 447 2364 in
467 2316 522 2366 alic
542 2332 621 2382 quam
644 2323 803 2387 anapaestis
821 2327 908 2372 metro
925 2323 964 2373 lo·
993 2325 1110 2372 tueruut.
1145 2323 1187 2372 De
1210 2327 1326 2389 utraque
1350 2323 1453 2374 dictum
1472 2327 1507 2377 ab
1526 2328 1667 2380 Lobeckio
1686 2330 1720 2380 ad
1736 2326 1822 2396 Ph'ry·

135 2404 198 2438 cum.
238 2391 270 2440 Iu
295 2406 326 2441 eo
349 2393 441 2440 autem
465 2407 518 2442 non
541 2397 630 2459 potuit
653 2394 676 2447 ὡ
699 2396 817 2461 προνοία
841 2399 907 2461 dici,
936 2403 965 2450 et
992 2389 1062 2439 nich·
1081 2406 1107 2455 P·
1126 2393 1184 2442 594·

134 2466 199 2516 mira
223 2470 266 2516 est
292 2467 483 2532 providentiae
512 2485 571 2520 cum
599 2472 770 2537 impudentia
798 2474 963 2525 coniunctio.
1023 2463 1075 2520 40·
1111 2467 1269 2518 30410ίὶ8848
1290 2468 1412 2523 4041888·
1434 2486 1460 2519 ν·
1488 2472 1545 2521 2⁷1·
1589 2470 1717 2537 sparta
1744 2473 1821 2540 bln-

135 2541 417 2608 bcribendumigitur
991 2540 1112 2606 ‹pdpovz
1140 2540 1202 2594 άντί
1224 2544 1276 2594 τοῦ
1300 2541 1407 2607 ὡραίαν
1429 2545 1474 2596 καί
1496 2544 1617 2611 ἀκμαίαν
1638 2578 1670 2586 -
1695 2548 1822 2615 ὡρικόν

198 2615 233 2667 Ὦ
251 2615 390 2682 supervola
407 2617 452 2668 καί
471 2617 602 2673 ἀναιδείας
991 2617 1020 2668 δέ
1042 2616 1183 2681 μειράκιον
1205 2617 1250 2668 καί
1274 2617 1357 2683 κόρη,
1381 2618 1420 2682 ὡς
1442 2619 1472 2672 έν
1490 2622 1548 2686 (καί
1572 2622 1702 2689 ὡρικῶς
1720 2624 1750 2676 ἐν
1767 2627 1822 2676 Do·

134 2695 289 2760 pariterque
308 2695 336 2744 in
355 2698 525 2760 grammatici
543 2700 635 2749 verbis
648 2699 693 2749 καί
712 2698 889 2766 ήπαρανοία.
918 2701 964 2752 Sic
992 2692 1103 2757 bratus)
1121 2693 1306 2746 Δαῑῒαλεῦσῑν
1324 2693 1340 2745 ὁ
1358 2693 1452 2758 αὐτός·
1524 2699 1529 2708 '

132 2772 230 2835 tragici
249 2767 344 2836 ἀνοία,
363 2769 461 2834 ἀγνοία
479 2777 507 2822 et
525 2774 581 2824 alia
597 2775 751 2828 huiusmodi
769 2779 848 2828 metri
866 2793 963 2828 caussa
1023 2766 1068 2824 41.
1104 2770 1301 2835 Harpocratio,
1326 2769 1446 2834 Θῆτεςε
1469 2801 1502 2810 ·-
1525 2775 1568 2826 δτι
1589 2775 1620 2826 δὲ
1645 2775 1697 2828 οὐκ
1724 2776 1821 2842 ἐστρα-

133 2847 267 2897 interdum
286 2847 429 2900 dixerunt.
989 2844 1109 2906 τεύρντο
1128 2845 1220 2910 είρηκε
1239 2846 1283 2896 καί
1303 2845 1340 2897 Ἀ.
1358 2845 1389 2898 ἐν
1406 2847 1599 2904 Δαιταλεῦσιν.

164 2919 215 2978 30.
239 2921 962 2992 Harpocratios.v.dhiuebov,‘Apsoropdvncllmrc-
1022 2917 1088 2976 tta.
1125 2923 1280 2974 Scholiasta
1297 2926 1413 2990 Vesper.
1436 2943 1461 2974 ν.
1483 2927 1540 2977 818.
1576 2926 1653 2992 είχον
1675 2927 1705 2979 δέ
1727 2929 1772 2980 καί
1795 2927 1821 2980 ol

133 2995 208 3048 λεῦσι
220 2996 264 3049 διά
276 2997 360 3061 ψιλοῦ
374 2996 439 3050 “έπ’
451 2999 504 3064 (sic
515 3001 685 3055 Fritzscbius
698 3022 746 3071 pro
757 3004 799 3067 έν)
809 3003 961 3070 άλιπέδῳ.”
989 2998 1080 3063 ἥρωες
1099 2995 1266 3051 πανοπλίαν·
1301 3001 1346 3052 Καί
1364 2999 1450 3062 δῆλον
1468 2999 1498 3052 ἓν
1515 3005 1576 3054 rus
1594 3003 1769 3059 sacratur.

165 3069 209 3128 31.
246 3073 369 3124 Bekkeri
387 3075 489 3126 Anecd.
509 3091 535 3141 p.
554 3081 613 3140 427,
631 3083 654 3130 3.
682 3078 960 3145 Ἀποβροχθίσαιι
1021 3069 1085 3129 428.
1122 3074 1277 3126 Scholiasta
1290 3077 1405 3127 Luciani
1424 3077 1460 3126 ad
1472 3076 1619 3132 Alexandr.
1639 3097 1661 3130 ο.
1677 3085 1701 3134 4.
1720 3085 1747 3131 in
1762 3082 1820 3132 cod.

130 3148 165 3200 τό
183 3152 336 3201 καταπιεῖν.
367 3149 406 3213 ὡς
423 3151 512 3218 ἡμεῖς,
533 3153 569 3206 Ἀ.
588 3154 773 3207 Δαιταλεῦσιν
792 3154 938 3220 ἐχρήσατο.
988 3150 1820 3220 νῖιιάοδοιιαιιαί,“0Αριστόδημθςδὲμῑαβὸςνῦῑναῒαπύῖων

163 3221 211 3281 32.
246 3225 344 3276 Pollux
363 3229 403 3291 10,
422 3230 478 3278 172.
514 3225 736 3294 Θυλακίσκον,
756 3228 795 3291 ὡς
812 3229 843 3282 ἐν
861 3230 961 3283 Δαιτα-
989 3225 1026 3289 είς
1044 3227 1214 3293 ὑπερβολήν,
1237 3227 1287 3291 ἀφ’
1304 3227 1338 3280 οὐ
1361 3229 1406 3280 καί
1428 3228 1444 3280 ό
1467 3230 1599 3293 πρωκτὸς
1623 3232 1819 3300 Ἀριστόδημος

130 3299 224 3351 troam
243 3299 280 3352 Ἀ,
987 3304 1121 3354 καλεῖται·
1159 3303 1291 3368 Κρατῖνος
1312 3303 1477 3366 Πανόπταις
1498 3333 1529 3341 -
1555 3305 1692 3370 ὡσαύτως
1714 3308 1759 3361 καί
1781 3309 1819 3362 Ἀ.

162 3372 210 3432 33.
245 3378 450 3430 Antitstticista
468 3381 590 3432 Bekkeri
609 3399 635 3447 p.
651 3385 711 3448 104,
725 3385 766 3434 28.
786 3379 960 3446 Κλινάρια;
987 3379 1180 3432 Δαιταλεῦσιν.

644 3609 647 3618 ’
747 3617 1195 3704 ΒΑΒΤΛῼΝΙΟΙ.

161 3785 289 3840 Proxima
301 3789 515 3842 Dsetalensibus
534 3791 587 3840 fuit
601 3797 707 3854 aetate,
727 3793 775 3843 scd
788 3792 878 3846 indole
893 3794 960 3842 mul·
985 3793 1087 3842 Eucles
1099 3795 1192 3841 autem
1205 3789 1306 3838 archon
1320 3788 1374 3838 suit
1387 3787 1486 3854 olymp.
1498 3789 1540 3851 88,
1553 3791 1581 3849 2,
1594 3790 1724 3842 Euclides
1736 3794 1778 3854 84,
1791 3795 1816 3845 2.

128 3869 186 3914 tum
209 3865 317 3915 diversa
339 3866 487 3930 Babylonii
506 3865 612 3925 fabula,
637 3880 706 3930 quae
729 3869 874 3918 multorum
891 3869 960 3918 iuri·
984 3869 1069 3919 Annis
1087 3867 1172 3932 igitur
1189 3865 1276 3930 primo
1294 3868 1322 3914 ct
1334 3869 1454 3915 extremo
1467 3867 1616 3916 numeratis
1634 3866 1702 3918 fiunt
1715 3869 1816 3933 viginti

129 3939 203 3990 diam
221 3941 350 3990 conflavit
366 3942 549 4008 Aristophani.
583 3943 739 3994 Animosior
760 3944 844 4006 euim,
868 3949 900 3992 ut
921 3945 959 3992 vi·
985 3946 1117 4010 quinque,
1136 3943 1222 4009 primo
1241 3957 1294 3990 uon
1313 3945 1456 3990 numerato
1476 3941 1576 4006 viginti
1600 3945 1736 4006 quattuor.
1771 3945 1816 3995 Ita

130 4016 222 4078 detur,
242 4032 320 4082 quem
337 4018 522 4069 Daetaleuses
540 4022 654 4082 experts
673 4026 732 4068 erat
750 4020 845 4085 populi
863 4020 958 4069 favore
984 4035 1063 4085 quum
1087 4022 1114 4068 et
1135 4015 1166 4068 κέ
1191 4022 1219 4068 et
1240 4009 1282 4067 κδ’
1301 4016 1384 4066 scribi
1402 4032 1482 4082 posse
1504 4021 1650 4082 appareat,
1673 4022 1767 4070 tamen
1784 4017 1815 4070 κέ

127 4092 232 4154 factus,
253 4093 282 4140 in
299 4092 458 4155 Babyloniis
470 4110 524 4144 non
537 4093 623 4144 solum
635 4095 815 4158 magistratus
828 4096 957 4160 quosdam
984 4101 1026 4146 est
1045 4095 1264 4161 praeferendum.
1296 4091 1429 4143 Solemnis
1448 4091 1519 4142 enim
1538 4092 1582 4142 hic
1600 4109 1675 4145 error
1691 4095 1815 4145 librario·

127 4172 228 4219 acriter
249 4170 417 4234 exagitavit,
447 4171 496 4220 sed
519 4171 603 4221 ctiam
625 4169 766 4232 Cleonem,
798 4174 875 4220 cuius
901 4176 958 4221 tum
984 4175 1103 4222 rum‘est
1120 4169 1151 4222 ιιὲ
1169 4171 1198 4220 ἱιι
1216 4165 1261 4220 καί
1279 4169 1514 4234 corrumpentium.

126 4259 231 4295 summa
253 4244 307 4294 fuit
335 4247 471 4297 exstincto
492 4246 598 4298 Pericle
625 4247 654 4295 in
683 4247 795 4295 civitate
822 4249 957 4311 potentia,
1016 4249 1121 4298 Nomen
1144 4246 1255 4298 tabulae
1279 4248 1313 4297 ab
1338 4245 1420 4296 choro
1442 4246 1558 4296 inditum
1582 4246 1649 4310 fuit,
1674 4262 1753 4311 quem
1782 4265 1814 4299 ex

98 4370 101 4385 ,
125 4324 206 4371 tanto
223 4321 329 4386 impetu
348 4327 390 4372 est
409 4338 554 4388 aggressus
572 4325 603 4372 ut
620 4322 699 4372 litem
717 4321 823 4373 illatam
847 4325 901 4375 sibi
918 4325 957 4375 vi·
983 4325 1069 4376 servis
1092 4322 1262 4374 molitoribus
1285 4323 1463 4388 compositum
1488 4323 1572 4373 fuisse
1588 4323 1728 4388 ‚Hesychii
1754 4322 1814 4375 loco

126 4395 211 4460 derit,
236 4413 315 4463 quam
334 4413 387 4448 non
405 4399 520 4449 multum
543 4399 632 4450 abluit
651 4399 715 4464 quin
733 4400 880 4450 amitteret.
916 4402 957 4451 Dc
983 4400 1092 4450 edoceri
1113 4400 1237 4450 videmur
1258 4400 1293 4449 ad
1316 4399 1413 4464 fragm.
1435 4401 1478 4452 48.
1501 4399 1641 4463 apposito,
1665 4398 1813 4464 codemque

125 4487 182 4536 qua
201 4489 229 4524 re
248 4473 379 4523 disertum
397 4480 438 4525 est
455 4475 543 4540 ipsius
561 4475 747 4526 testimouium
760 4477 789 4524 iu
801 4475 957 4527 Acharneu-
983 4480 1107 4540 spectare
1126 4474 1256 4525 videntur
1274 4474 1327 4525 duo
1345 4475 1396 4524 alii
1414 4474 1483 4537 loci,
1502 4473 1573 4522 alter
1589 4472 1736 4536 Hesychii‚
1755 4473 1814 4525 Βα-

123 4550 201 4600 sibus
213 4567 239 4599 v.
252 4551 395 4601 sss-360.
409 4551 544 4615 quibus,si
557 4550 690 4614 adhibeas
707 4566 801 4602 versus
812 4553 955 4615 476-488,
983 4548 1158 4610 βυλὼνιοι;
1183 4546 1210 4600 οί
1233 4547 1362 4613 βάρβαροι
1385 4547 1460 4612 παρά
1486 4552 1545 4609 τοῖς
1569 4546 1722 4610 Ἀττικοῖς,
1743 4549 1815 4599 alter

124 4625 198 4689 quod
221 4630 304 4690 caput
327 4639 441 4674 caussae
465 4625 549 4675 fuerit
578 4642 735 4692 cognosces.
776 4629 842 4678 Rem
871 4632 955 4678 totam
982 4627 1093 4686 Suidae,
1118 4642 1134 4676 a
1158 4641 1211 4690 quo
1234 4622 1404 4688 Βαβυλώνιοι
1427 4625 1523 4685 παῖδες
1544 4627 1727 4674 memorantur
1747 4641 1768 4674 s.
1786 4640 1812 4677 ν.

12 4729 20 4742 ·
122 4703 236 4753 uberius
255 4707 439 4767 exposuerunt
458 4702 637 4767 scholiastae,
659 4720 771 4769 quorum
791 4704 823 4754 de
842 4710 955 4756 annota-
982 4699 1144 4765 Βαβυλωνία
1161 4700 1282 4762 κάμινος.
1311 4703 1479 4766 Fragments
1496 4707 1588 4752 sutem
1605 4699 1658 4750 huc
1669 4699 1813 4750 referimus

121 4778 245 4829 tionibus
273 4778 330 4828 dixi
356 4779 385 4828 iu
410 4779 637 4846 Fragmentorum
664 4779 784 4830 editione
806 4781 955 4832 Oxouieusi
981 4789 1029 4826 νοτ
1048 4777 1166 4842 (43-47.
1184 4775 1265 4840 ssu).

158 4929 240 4979 Aliud
259 4935 287 4979 et
305 4929 437 4980 disertum
449 4929 481 4980 de
494 4931 708 4996 Babyloniorum
726 4936 847 4996 tempore
863 4931 956 4982 Photii
1014 4925 1063 4985 43.
1097 4929 1263 5008 Plutarchus
1281 4930 1310 4978 in
1335 4930 1394 4980 vita
1412 4930 1528 4982 Periclis
1551 4946 1610 4996 cap.
1628 4931 1670 4982 26.
1689 4947 1715 4996 p.
1734 4935 1810 4983 ldbd.

120 5007 309 5056 testimonium
327 5011 370 5056 est
387 5007 416 5056 iu
433 5006 523 5057 lexico
536 5025 562 5074 p.
576 5009 634 5070 488,
655 5010 676 5059 l.
697 5023 730 5057 ss
749 5023 800 5073 quo
812 5013 956 5074 praeterea
981 5006 1105 5070 exposito
1125 5021 1205 5071 quam
1222 5006 1300 5056 varia
1318 5005 1429 5056 fortuna
1447 5005 1548 5057 bellum
1566 5006 1686 5056 Samium
1704 5012 1812 5071 gestum

120 5082 313 5148 cognoscimus
331 5082 453 5134 fabulam
466 5083 500 5133 sb
514 5083 674 5134 Callistrato
693 5089 780 5133 actam
800 5099 869 5149 esse,
888 5082 955 5143 τούς
982 5086 1055 5132 esset
1073 5083 1113 5132 ita
1131 5083 1234 5148 pergit,
1253 5079 1279 5133 οί
1296 5080 1326 5131 δέ
1343 5080 1437 5144 Σάμιοι
1455 5079 1522 5142 τοὺς
1540 5078 1735 5144 αἰχμαλώτους
1752 5083 1811 5132 τιῖιν

119 5158 154 5211 δέ
172 5155 367 5221 Βαβυλωνίους
385 5155 488 5210 ἐδίδαξε
506 5157 548 5208 διά
569 5158 776 5223 Καλλιστράτου
791 5157 955 5224 Ἀριστοφά-
983 5153 1138 5221 Ἀθηναίων
1151 5154 1361 5221 ἀνθυβρίζοντες
1370 5155 1478 5208 ἔστιζον
1489 5153 1528 5216 εἰς
1541 5155 1579 5207 τό
1585 5157 1719 5220 μέτωπον
1727 5157 1811 5219 γλαῦ-

119 5247 174 5298 νης
193 5233 267 5286 ἔτεσι
285 5234 341 5298 πρὸ
353 5237 404 5284 τοῦ
418 5231 568 5286 Εὐκλείδου
580 5233 612 5285 κέ
624 5233 670 5285 ἐπί
684 5233 827 5296 Εὐκλέους.
851 5236 953 5286 Eodem
980 5248 1040 5294 κας·
1060 5233 1104 5284 καί
1122 5233 1175 5299 γάρ
1194 5231 1317 5294 ἐκείνους
1335 5233 1362 5285 ol
1380 5232 1522 5298 Ἀθηναῖοι
1533 5231 1677 5296 σάμαιναν.
1690 5260 1723 5268 -
1741 5231 1811 5294 πρός

119 5310 224 5361 Snidss
243 5325 263 5361 s.
283 5327 309 5362 v.
323 5308 435 5373 Σαμίων
453 5308 469 5360 ό
485 5310 578 5374 δῆμος.
603 5311 757 5361 Communis
774 5313 881 5376 utrique
899 5329 954 5362 cor·
972 5311 1071 5374 ,ταῦτα
1091 5308 1127 5360 τά
1149 5306 1286 5372 στίγματα
1312 5307 1423 5371 λέγουσι
1452 5308 1496 5359 καί
1523 5306 1558 5358 τὸ
1582 5305 1810 5373 Ἀριστοφάνειον

118 5378 232 5450 ιιιρῖοία
250 5385 295 5436 καί
313 5401 362 5450 pro
380 5385 425 5448 κέ,
444 5386 554 5436 sublata
566 5387 600 5436 ab
614 5385 750 5436 Bouherio
768 5387 797 5436 in
815 5387 953 5436 dissertat.
980 5383 1088 5452 ᾐνίχθαι

116 5461 157 5510 do
176 5462 273 5512 Graec.
297 5466 325 5511 et
347 5461 439 5510 Latin.
464 5463 548 5513 Liter.
572 5480 598 5527 p.
620 5463 678 5513 573.
702 5466 730 5511 et
751 5461 879 5512 Dobraeo
900 5461 954 5510 Ad·
1047 5458 1160 5524 Σαμίων
1178 5458 1298 5523 δ’δῆμός
1316 5459 1405 5512 ἑστιν·
1425 5459 1464 5522 ὡς
1482 5459 1724 5524 πολυγράμματος.

114 5553 228 5592 verser.
251 5537 303 5588 vol.
323 5539 345 5586 1.
369 5553 395 5602 p.
420 5537 476 5588 608.
511 5539 602 5588 illinus
625 5541 755 5588 accurate
779 5531 818 5587 κδ’
842 5539 954 5602 corrigit
979 5538 1146 5603 Hesychius,
1171 5533 1307 5600 Σαμίων
1334 5536 1350 5588 ό
1376 5536 1492 5601 δῆμοςι
1522 5535 1592 5602 φησί
1615 5551 1642 5587 τι
1664 5535 1727 5600 περί
1749 5538 1809 5586 τιῖιν

116 5613 270 5664 Clintonus
292 5614 321 5662 iu
343 5613 436 5662 Fastis
458 5613 511 5664 vol.
535 5617 558 5664 2.
582 5631 607 5679 p.
632 5615 671 5666 75.
696 5612 739 5664 ed.
763 5617 826 5666 tert.
850 5613 953 5663 Vitium
980 5613 1197 5678 Ἀριστοφάνους
1215 5609 1297 5679 (φησί
1314 5627 1356 5674 τις
1376 5613 1452 5678 παρὰ
1474 5617 1516 5678 τῷ
1536 5610 1729 5677 Ἀριστοφάνει
1749 5611 1809 5662 Sal·

115 5690 202 5740 auxit
219 5687 337 5738 Michael
354 5687 513 5752 Apostolius
526 5691 654 5741 Proverb.
676 5691 715 5750 17,
734 5690 775 5739 25.
795 5705 821 5754 p.
834 5691 891 5740 210.
906 5689 953 5738 ubi
978 5688 1100 5753 masiae),
1118 5689 1185 5750 τούς
1197 5687 1227 5740 ἐκ
1239 5690 1290 5738 τοῦ
1305 5689 1432 5752 μυλῶνος
1444 5685 1513 5740 ἰδὼν
1527 5685 1720 5750 Βαβυλωνίους
1738 5685 1809 5738 “Xu-

115 5765 256 5831 scriptum
273 5763 347 5816 ἔτεσι
365 5763 420 5828 πρὸ
437 5765 487 5816 τοῦ
507 5763 654 5818 Εὐκλείδου
677 5765 722 5816 καί
742 5763 898 5828 Ἐπικλέους
920 5757 952 5818 κ’.
979 5763 1051 5829 μίων
1070 5765 1085 5817 ὁ
1103 5765 1190 5830 δῆμός
1208 5763 1284 5816 ἐστιν
1302 5763 1341 5826 ὡς
1363 5763 1625 5830 πολυγράμματος,”
1650 5763 1808 5829 καταπλητ-

191 5863 410 5902 Διιιετοιιιιιιπε.
690 5891 692 5896 .
1565 5847 1607 5912 24

1321 4845 1471 4856 -----.
