4372 6614
331 484 371 548 μ)
1010 485 1109 536 τιτι
1139 483 1359 536 assensui
1439 465 1441 476 '

332 643 374 688 est
386 639 509 690 Pollucis
526 655 599 691 error
615 641 732 703 4,110.,
751 640 796 704 qui
813 639 910 703 inepta
926 653 992 690 usus
1009 638 1042 687 de
1059 631 1158 687 Eume·
1189 635 1319 686 diverbiis
1332 651 1397 686 vero
1410 637 1457 687 ubi
1470 635 1554 686 verba
1568 635 1636 685 lacit
1652 635 1760 697 chorus,
1773 634 1923 684 cuiusmodi
1938 636 1967 684 in
1979 634 2016 683 lo-

331 707 442 758 nidibus
459 708 568 768 fabula,
590 709 723 772 adquam
741 707 910 772 biographus
931 721 1039 771 quoque
1063 705 1162 756 alludit
1189 704 1228 754 cis
1249 705 1277 752 in
1298 703 1438 754 codicibus
1459 709 1620 754 constanter
1640 701 1722 767 χορός
1742 702 1788 753 vel
1810 700 1955 766 ἡμιχόριον
1975 707 2016 752 est

332 781 427 841 [supra
449 793 474 840 p.
497 779 527 840 2,
544 775 611 842 lh),
635 777 704 826 satis
726 776 874 826 refutatam
895 773 930 822 ab
952 775 1109 824 Hermanno
1133 773 1161 822 in
1190 772 1399 836 praescriptum,
1419 771 1806 836 uonclrorustotusloquitur,
1825 771 1873 820 sed
1886 770 1931 822 vel
1944 785 2017 834 cory-

331 845 433 908 Opusc.
451 844 504 895 vol.
518 848 543 896 2.
556 860 580 909 p.
596 845 643 894 118
657 859 747 909 seqq.,
761 843 837 892 chori
848 842 948 906 tragici
961 842 1162 908 quinquaginta
1190 839 1295 904 phaeus
1307 855 1355 904 pro
1366 855 1398 890 eo
1413 841 1499 890 verba
1511 840 1580 890 facit
1592 839 1649 902 vel,
1667 840 1715 890 ubi
1728 839 1895 889 hemichoria
1905 839 2016 903 loquun-

331 911 395 962 olim
412 927 543 977 personas
561 912 647 963 luisse
666 911 797 974 credidit,
808 911 861 975 ·qui
878 910 1070 976 dithyrambici
1088 909 1163 960 chori
1189 916 1242 969 tur,
1253 907 1395 972 utriusque
1406 907 1567 958 hemiehorii
1577 905 1631 958 dux
1641 923 1689 973 pro
1698 906 1865 958 hemichorio
1875 921 1923 956 auo
1935 907 2016 956 verba

333 995 461 1030 numerus
474 981 540 1044 fuit,
559 980 593 1031 τὸ
610 979 641 1031 δὲ
654 978 774 1030 παλαιὸν
791 976 807 1028 δ
819 977 950 1042 τραγικὸς
965 977 1048 1042 χορὸς
1060 975 1163 1039 πεντίχ-
1191 975 1267 1038 facit,
1280 975 1399 1027 velutin
1411 975 1519 1041 Septem
1532 975 1567 1024 ad
1576 975 1687 1026 Thebas
1696 977 1838 1026 aes—stt.
1847 976 2017 1028 lusu-tots.

333 1061 421 1098 κοντα
437 1047 523 1110 ἦσαν,
542 1045 605 1112 άχρι
620 1051 679 1098 τῶν
697 1045 855 1108 Εὐμενίδων
873 1044 1025 1110 Αἰσχύλου·
1044 1044 1115 1110 πρὸς
1132 1044 1163 1095 δέ
1191 1048 1219 1093 et
1230 1043 1304 1108 apud
1317 1043 1479 1108 Sophoclem
1489 1044 1562 1094 siae.
1572 1045 1714 1098 sue-ata.
1729 1044 1775 1094 ubi
1788 1043 1870 1096 schol.
1884 1042 1919 1092 ad
1930 1043 2016 1092 abab.

332 1114 384 1165 τὸν
398 1114 484 1178 άχλον
496 1115 593 1167 αὐτῶν
601 1118 653 1166 τοθ
667 1115 792 1178 πλήθους
802 1113 1010 1179 ἐκπτοηθὲντος
1022 1111 1162 1165 συνέστει-
1192 1112 1338 1162 annotavit
1349 1109 1376 1163 ol
1388 1109 1445 1162 άπὸ
1457 1114 1509 1162 τοῦ
1523 1112 1607 1175 χοροθ
1625 1111 1757 1175 προίασιν
1770 1110 1868 1174 ὥσπερ
1880 1107 1911 1161 ὲκ
1923 1108 2017 1174 διαφά-

333 1184 382 1234 λεν
395 1182 412 1233 δ
424 1182 510 1245 νόμος
529 1181 567 1244 εἰς
584 1182 693 1234 ἐλάττω
711 1181 829 1247 ἀριθμὸν
846 1181 899 1232 τὸν
911 1180 1006 1247 χορόν,
1037 1181 1162 1242 Chorum,
1190 1191 1250 1242 ρων
1261 1176 1362 1230 τόπων
1380 1179 1442 1230 κοτ’
1458 1178 1546 1243 άλλην
1565 1179 1609 1230 καί
1626 1177 1715 1243 ἄλλην
1731 1177 1852 1242 εῑσσδον,
1869 1179 2017 1241 Ζητσῡντες

333 1253 379 1315 qui
400 1267 435 1301 ex
456 1251 596 1303 duodecim
617 1251 741 1315 personis
762 1251 931 1314 constiterit,
953 1249 988 1300 ad
1008 1249 1164 1316 quindecim
1189 1245 1242 1297 τὸν
1255 1245 1368 1298 Αἴαντα.
1392 1255 1420 1297 et
1437 1248 1473 1298 ad
1488 1263 1515 1297 v.
1529 1249 1602 1311 872,
1621 1249 1668 1298 ubi
1685 1248 1772 1298 totius
1789 1245 1864 1297 chori
1881 1248 2017 1297 canticum

333 1333 513 1383 personarum
528 1335 666 1369 numerum
680 1320 714 1370 ab
728 1318 864 1384 Sophocle
877 1324 988 1368 auctum
1006 1334 1066 1370 esse
1080 1318 1163 1367 tradi·
1192 1315 1299 1380 incipit,
1318 1314 1384 1376 ὅλος
1396 1312 1412 1364 ὁ
1425 1314 1507 1380 χορὸς
1520 1312 1559 1376 είς
1572 1311 1603 1365 ἓν
1612 1314 1759 1367 συνελθὼν
1771 1312 1861 1365 ταθτά
1872 1327 1967 1379 φησιν.

333 1387 374 1439 dit
387 1389 445 1436 eius
464 1388 643 1452 biographus,
663 1389 707 1452 qai
721 1387 942 1438 consentientem
955 1387 1040 1437 habet
1053 1386 1164 1437 Suidam
1240 1384 1281 1432 Ad
1298 1389 1384 1434 metra
1402 1385 1473 1449 quod
1490 1385 1604 1442 attinet,
1623 1399 1677 1434 non
1694 1383 1873 1434 dubitandum
1890 1384 1955 1449 quin
1967 1381 2016 1432 Ae·

333 1471 354 1503 s.
376 1472 401 1506 v.
419 1454 579 1518 Σοφοκλῆς,
602 1457 716 1518 πρῶτος
732 1453 785 1504 τὸν
801 1452 888 1518 χορὸν
910 1453 941 1504 ἐκ
962 1451 1164 1505 πεντεκαίδεκα
1193 1451 1303 1516 schylus
1320 1453 1349 1502 in
1361 1452 1413 1502 hoc
1426 1467 1533 1518 quoqne
1546 1467 1646 1516 genere
1665 1453 1835 1516 antiquiores
1850 1451 1964 1501 multum
1977 1466 2018 1500 au·

333 1519 465 1586 είσήγαγε
479 1521 551 1574 νέων
564 1523 673 1588 (sensus
686 1523 809 1588 postulat
821 1520 1007 1586 προσώπων),
1023 1520 1163 1586 πρότερον
1192 1519 1328 1584 paraverit
1345 1525 1455 1586 poetas,
1479 1522 1531 1570 etsi
1548 1520 1613 1584 quid
1629 1520 1673 1570 vel
1689 1521 1723 1569 ab
1741 1519 1803 1569 aliis
1820 1520 1960 1585 acceperit
1975 1519 2019 1568 vel

333 1589 498 1642 δυοκαίδεκα
511 1589 668 1642 εἰσιόντων.
701 1591 756 1640 Αλίί
770 1591 817 1656 qui
830 1591 862 1640 de
876 1590 958 1641 choro
970 1591 1077 1656 tragico
1090 1590 1163 1640 dixe·
1190 1589 1249 1654 ipse
1271 1594 1352 1638 aucta
1374 1593 1520 1638 metrorum
1541 1589 1678 1638 varietate
1695 1601 1841 1652 eorumque
1863 1587 1956 1652 formis
1977 1603 2018 1636 ar·

334 1664 397 1709 runt
414 1659 564 1724 scriptores
583 1659 669 1710 solum
688 1663 836 1724 posuerunt
859 1659 1015 1722 quindecim
1035 1674 1164 1724 persona·
1191 1655 1335 1706 tiliciosius
1363 1657 1524 1722 compositis
1548 1657 1720 1721 praestiterit
1743 1671 1853 1721 prorsus
1876 1657 2019 1706 obscurum

333 1742 391 1776 rum
404 1742 556 1790 numerum,
574 1727 652 1776 nulla
664 1727 760 1778 habita
772 1727 877 1776 numeri
889 1727 1041 1792 antiquitus
1052 1726 1165 1777 minoris
1191 1729 1296 1786 manet,
1326 1740 1406 1788 quum
1430 1724 1506 1774 nulla
1531 1725 1691 1788 quibuscum
1719 1725 1842 1774 carmina
1867 1723 2020 1786 Aeschylea

334 1795 447 1846 ratione.
488 1797 530 1846 De
555 1811 667 1846 numero
690 1810 867 1861 personarum
891 1795 967 1845 chori
989 1795 1017 1845 iu
1036 1793 1164 1845 sesehvli
1191 1795 1344 1856 comparari
1372 1793 1477 1857 possint
1506 1793 1687 1856 anuquiorum
1717 1792 1856 1858 supersint
1880 1797 2020 1857 poetarum

333 1878 403 1927 quae
422 1869 569 1928 supersunt
585 1863 736 1928 tragoediis
753 1862 834 1914 valde
852 1863 925 1913 iuter
945 1879 975 1914 aa
997 1863 1165 1914 dissentiunt
1190 1860 1329 1926 exempla,
1351 1875 1403 1910 nec
1424 1862 1661 1924 grammaticorum
1681 1861 1739 1911 ulla
1763 1865 1872 1912 exstent
1894 1860 1927 1910 de
1948 1863 2019 1910 anti·

334 1932 386 1981 riri
404 1931 492 1994 docti,
516 1933 679 1996 praesertim
698 1931 731 1980 de
748 1931 829 1982 choro
845 1932 1071 1996 Agamemnonis,
1093 1945 1163 1996 quae
1192 1930 1382 1994 quissimorum
1402 1930 1570 1994 tragicorum
1579 1932 1675 1979 matris
1687 1929 1861 1992 testimonia,
1878 1929 1932 1978 nisi
1948 1925 2020 1992 quod

333 2005 376 2048 est
388 1999 475 2063 prima
488 2000 616 2064 trilogiae
628 2000 760 2050 Oresteae
773 1999 869 2049 fabula
881 2004 962 2049 actae
977 2000 1075 2066 olymp.
1088 2001 1129 2061 80,
1140 2001 1164 2048 2.
1191 1995 1289 2046 Suidas
1311 2000 1500 2046 tetrametrum
1521 1997 1692 2046 trochaicum
1710 1998 1743 2048 ab
1764 1995 1920 2062 Phrynicho
1941 1995 2020 2058 Poly·

332 2066 427 2132 inqua
442 2067 537 2118 fabula
554 2083 579 2120 ν.
595 2071 779 2118 tata-1371.
797 2067 872 2117 chori
888 2083 1021 2133 personae
1039 2067 1162 2131 singulae
1192 2065 1366 2128 phradmonis
1383 2064 1439 2114 filio
1456 2066 1596 2116 inventum
1613 2079 1673 2114 esse
1691 2065 1820 2130 perhibet
1835 2065 1928 2116 verbis
1944 2061 2019 2126 εὑρε-

331 2136 404 2184 inter
421 2151 449 2186 se
472 2135 677 2199 colloquuntur,
700 2136 746 2186 sed
763 2137 805 2185 ita
822 2139 853 2184 ut
870 2151 965 2186 versus
985 2135 1027 2184 illi
1045 2142 1073 2184 et
1090 2136 1164 2184 inter
1189 2132 1241 2196 τὴς
1261 2134 1312 2183 τοῦ
1332 2131 1521 2197 τετραμέτρου
1542 2131 1655 2195 ἐγένετο
1674 2148 1695 2185 s.
1715 2151 1741 2187 v.
1768 2131 1917 2197 Φρύνιχοςι
1943 2133 2020 2182 euius

333 2203 474 2253 duodecim
493 2203 622 2252 distribui
643 2219 775 2269 personas
797 2205 917 2269 possint,
942 2218 1012 2267 quae
1031 2202 1163 2254 Odofradi
1190 2202 1269 2249 metri
1279 2202 1465 2250 inventionem
1477 2201 1526 2251 alii
1538 2201 1700 2252 Archilocho
1713 2202 1846 2265 tribuunt,
1860 2216 1936 2265 quem
1947 2200 2021 2250 circa

332 2271 730 2336 hluellerinonimprohabllis
743 2272 882 2323 sententia
895 2279 947 2334 est,
961 2276 989 2321 et
1002 2270 1162 2335 interquin·
1190 2268 1372 2334 olympiadem
1392 2270 1552 2334 vigesimam
1574 2269 1699 2319 floruisse
1720 2269 1834 2320 tradunt
1858 2269 2020 2332 chronogra-

333 2339 431 2400 decim,
446 2339 518 2402 quod
531 2339 600 2389 fecit
611 2340 793 2402 Hermauuus,
807 2341 924 2389 maxime
938 2345 1048 2403 propter
1059 2339 1163 2390 veteris
1191 2337 1238 2402 phi
1257 2342 1286 2386 et
1302 2338 1380 2386 cuius
1395 2338 1470 2387 inter
1486 2339 1633 2388 carminum
1650 2338 1784 2402 reliquias
1800 2353 1883 2403 prope
1905 2337 2020 2400 triginta

331 2411 360 2456 et
374 2407 460 2469 docti,
479 2407 525 2470 qui
542 2407 597 2472 ipsi
615 2407 773 2472 ridebatur,
793 2407 959 2459 scholiastae
976 2407 1163 2458 testimouium
1191 2405 1363 2470 reperiuntur
1383 2409 1605 2456 tetrametrorum
1625 2405 1828 2456 trochaicorum
1849 2403 2022 2471 elegantissi-

333 2474 369 2522 ad
381 2474 521 2540 Aristoph.
540 2474 634 2539 Equit.
651 2477 709 2526 584.
727 2475 756 2524 in
771 2489 822 2540 quo
836 2481 946 2540 praeter
964 2475 1020 2526 slis
1031 2472 1163 2540 legiturd
1191 2488 1292 2523 morum
1306 2472 1437 2538 exempla.

332 2540 362 2592 δὲ
374 2541 505 2605 τραγικὸς
518 2542 601 2607 χορὸς
613 2541 650 2607 ιέ,
669 2541 707 2604 ώς
721 2540 856 2606 Αἰσχύλος
875 2541 1074 2606 Ἀγαμέμνονι,
1093 2559 1162 2608 quae
1240 2541 1283 2591 De
1302 2540 1423 2591 dictione
1441 2540 1558 2606 denique
1580 2541 1710 2604 Aeschyli
1731 2541 1803 2608 quod
1822 2541 1892 2592 dixit
1913 2541 2021 2606 biogra-

333 2611 452 2660 receutis
464 2626 525 2660 esse
539 2612 710 2675 grammatici
724 2617 849 2676 possunt,
869 2627 951 2677 quum
968 2627 1021 2662 non
1035 2611 1164 2677 legantur
1192 2609 1261 2674 phus
1273 2609 1310 2674 (p.
1323 2611 1347 2674 2,
1363 2611 1405 2673 16)
1423 2608 1494 2660 κατά
1510 2609 1565 2674 τὴν
1577 2607 1709 2660 σύνθεσιν
1721 2612 1773 2676 τῆς
1790 2609 1932 2673 ποιήσεως
1944 2608 2022 2672 Ζηλοί

332 2677 361 2726 in
379 2677 520 2728 codicibus
537 2681 644 2730 Veneto
669 2686 698 2729 et
713 2679 876 2730 Florentino
897 2696 948 2729 uec
965 2684 1074 2730 constet
1091 2678 1163 2729 unde
1193 2677 1227 2727 τὸ
1240 2675 1327 2741 ἁδρὸν
1340 2675 1382 2728 ἀεί
1395 2676 1519 2742 πλάσμα,
1534 2675 1760 2740 ὀνοματοποιίαις
1771 2692 1803 2730 τε
1816 2677 1862 2729 καὶ
1873 2674 2021 2739 ἐπιθέτοις,

334 2746 461 2796 sumserit
478 2747 606 2796 hlusurus
622 2748 651 2796 in
669 2749 710 2798 ed.
728 2745 836 2796 Aldina.
872 2747 933 2797 Non
952 2747 1040 2798 minus
1057 2747 1164 2796 incerta
1192 2743 1275 2796 ἔτιδὲ
1293 2747 1465 2809 μεταφοραῖς
1481 2745 1527 2797 καί
1544 2747 1611 2797 πάσι
1626 2749 1686 2807 τοῖς
1703 2745 2021 2810 δυναμένοιςδγκοντῇ

333 2830 376 2864 res
389 2823 432 2865 est
446 2814 479 2864 de
492 2815 596 2864 scholio
609 2815 778 2865 Tricliniano
792 2815 828 2863 ad
840 2816 1054 2879 Agamemnonis
1065 2830 1091 2864 v.
1100 2817 1164 2866 1344
1194 2811 1295 2877 φράσει
1314 2815 1467 2876 περιθεῖναι
1487 2811 1644 2878 χρώμενος,
1668 2815 1809 2866 confirmat
1826 2815 1977 2880 Dionysius
1994 2815 2021 2862 in

333 2885 442 2934 -1371,
462 2882 533 2946 quod
552 2899 585 2932 ex
604 2883 663 2932 cod.
682 2883 867 2946 Neapolitano
885 2883 959 2932 edidi
975 2883 1005 2932 in
1021 2882 1165 2948 Philologo
1193 2896 1309 2931 censura
1326 2883 1488 2946 scriptorum
1505 2890 1628 2933 veterum
1648 2881 1836 2942 a‚10.vol.6.
1855 2900 1881 2950 p.
1893 2885 1951 2932 422.
1969 2878 2023 2932 ὁδ’

333 2948 386 3002 rol.
401 2953 441 3000 20.
454 2966 481 3014 ρ.
495 2952 537 3003 28.
550 2952 577 3000 in
592 2966 643 3016 quo
655 2951 714 3016 ipso
728 2965 835 3015 quoque
848 2950 1004 3016 quindecim
1017 2951 1093 3000 chori
1106 2966 1165 3016 pera
1193 2947 1245 2999 οὖν
1258 2946 1405 3014 Αἰσχύλος,
1419 2952 1531 3014 πρῶτος
1548 2950 1593 3000 καί
1605 2953 1657 3013 τῆς
1674 2949 1914 3015 μεγαλοπρεπείας
1926 2947 2021 3012 ἐχόμε-

334 3033 418 3068 sonae
432 3018 518 3068 fuisse
532 3019 669 3069 dicuntur.
705 3019 822 3068 Tantum
836 3034 900 3069 vero
919 3024 962 3068 est
975 3019 1164 3082 certissimum,
1192 3031 1240 3078 νος
1252 3017 1297 3067 καί
1310 3017 1389 3081 ἠθῶν
1401 3016 1446 3068 καί
1458 3019 1560 3070 παθῶν
1571 3017 1607 3069 τὸ
1620 3017 1730 3082 πρέπον
1743 3017 1840 3084 εἰδὼς,
1854 3018 1899 3070 καί
1910 3021 1946 3083 τῇ
1959 3029 2023 3081 τρο-

333 3085 435 3135 nullam
449 3092 558 3136 exstare
572 3086 702 3151 Aeschyli
714 3086 884 3152 tragoediam
895 3102 974 3152 quam
989 3091 1017 3136 et
1030 3086 1166 3151 antiquio·
1193 3087 1261 3150 πικί]
1278 3084 1324 3135 καί
1344 3089 1380 3151 τῇ
1397 3083 1478 3150 κυρίᾳ
1499 3086 1570 3138 λέξει
1591 3086 1785 3151 διαφερόντως
1806 3085 2022 3150 κεκοσμημένος,

334 3170 390 3203 rem
412 3169 473 3204 ease
492 3156 579 3219 prima
598 3155 739 3220 Sophoclis
761 3154 820 3219 (qui
842 3157 958 3219 primum
971 3155 1049 3208 ,vicit
1066 3155 1164 3219 olymp.
1192 3152 1336 3217 πολλαχοῦ
1353 3152 1384 3204 δέ
1402 3153 1447 3204 καί
1460 3153 1546 3215 αὐτὸς
1562 3153 1728 3218 δημιουργὸς
1744 3157 1789 3207 καί
1806 3154 1926 3220 ποιητὴς
1943 3151 2022 3206 ἰδίων

334 3225 374 3284 77,
389 3220 426 3286 4.)
446 3223 594 3288 tetralogia
612 3228 639 3272 et
650 3223 760 3273 chorum
778 3239 812 3272 ex
829 3223 953 3288 pluribus
970 3238 1050 3288 quam
1067 3223 1166 3272 duode-
1193 3219 1343 3284 ὀνομάτων
1356 3221 1401 3272 καί
1414 3221 1602 3288 πραγμάτων,
1622 3221 1768 3287 Εὐριπίδου
1784 3222 1814 3274 δέ
1826 3224 1870 3274 καί
1883 3221 2024 3286 Σοφοκλέ-

336 3291 388 3340 cim
400 3292 525 3354 personis
539 3291 717 3357 compositum
730 3290 859 3340 habuisse
873 3290 982 3356 probari
991 3291 1087 3355 possit.
1110 3291 1165 3340 Ita-
1192 3303 1241 3350 ους
1260 3288 1461 3354 ποικιλώτερος
1478 3294 1539 3352 ταῖς
1551 3293 1612 3342 τῶν
1625 3290 1791 3355 προσώπων
1809 3291 2022 3354 ὲπεισαγωγαῑς,

334 3373 386 3422 que
408 3358 476 3408 nihil
494 3374 608 3410 caussae
631 3366 673 3410 est
694 3357 742 3408 dur
761 3357 829 3408 fides
851 3357 1004 3424 denegetur
1022 3357 1167 3424 Sophoclis
1193 3364 1222 3407 et
1233 3359 1285 3406 iam
1301 3359 1336 3408 ah
1349 3357 1533 3424 Aristophane
1547 3358 1732 3424 significatum
1751 3367 1811 3410 erat
1823 3361 1851 3410 in
1863 3361 1950 3410 Ranis
1963 3360 2023 3410 loco

334 3426 495 3492 biographo,
516 3442 597 3491 quum
610 3427 669 3478 fieri
683 3427 805 3493 potuerit
817 3431 848 3476 ut
860 3426 1012 3491 Aeschylus
1025 3425 1166 3478 duodecim
1194 3441 1210 3474 a
1223 3425 1373 3492 biographo
1387 3427 1456 3492 (pl,
1467 3427 1501 3490 θ.)
1515 3435 1663 3480 memorato
1673 3445 1698 3477 ν,
1710 3431 1783 3480 1004.
1793 3429 1877 3479 etubi
1887 3427 2022 3491 Aeschylo

338 3495 372 3543 ab
394 3495 475 3544 initio
497 3497 621 3560 personis
645 3510 709 3546 usus
729 3496 758 3549 in
782 3495 981 3558 posterioribus
1005 3495 1108 3545 tabulis
1132 3494 1167 3544 ad
1193 3491 1295 3557 ῥήμαθ’
1318 3493 1498 3558 ἱπποβάμονα
1520 3500 1548 3546 et
1570 3493 1680 3560 ῥήματα
1701 3497 1874 3560 γομφοπαγῆ
1899 3495 2023 3546 tribuun-

339 3561 494 3626 quindecim
516 3565 647 3614 transiret
669 3563 810 3628 Sophoclis
831 3563 967 3628 exemplo,
994 3563 1167 3626 quemadmo-
1196 3567 1241 3611 tur
1252 3579 1277 3614 v.
1291 3564 1349 3612 821.
1361 3565 1419 3614 824.
1447 3563 1626 3629 Licetigitur
1643 3564 1890 3616 noudubitaudum
1908 3564 2024 3628 sitquin

336 3631 398 3679 dum
423 3631 518 3681 eodem
541 3638 692 3696 praeeunte
716 3632 804 3682 tribus
828 3646 893 3681 usus
915 3638 957 3681 est
978 3630 1165 3692 histrionibus,
1193 3627 1346 3694 Aeschylus
1358 3631 1502 3682 vocabulis
1513 3631 1761 3700 vocabulorumque
1779 3634 1873 3684 formis
1889 3647 1944 3682 nou
1958 3647 2024 3697 pau-

335 3714 416 3764 quum
430 3704 514 3750 antea
531 3699 636 3752 duobus
654 3703 820 3762 recusasset,
838 3705 868 3750 ut
886 3714 969 3764 supra
988 3699 1166 3754 ostendimus.
1195 3697 1233 3748 cis
1246 3700 1281 3748 ab
1293 3699 1354 3763 ipsc
1366 3699 1487 3750 inventis
1504 3715 1568 3751 usus
1586 3702 1636 3762 sit,
1656 3701 1727 3767 quod
1740 3700 1903 3766 Sophoclem
1916 3715 2023 3765 quoquo

386 3769 428 3818 De
442 3768 608 3818 carminibus
626 3769 741 3818 choricis
758 3771 924 3832 tragicorum
942 3767 1077 3818 interdum
1095 3769 1168 3818 inter
1194 3781 1247 3816 uon
1259 3781 1331 3830 raro,
1344 3768 1432 3818 rarius
1444 3768 1613 3834 Euripidem,
1626 3767 1725 3820 iecisse
1738 3770 1871 3832 novimus,
1884 3776 1978 3819 tamen
1990 3767 2023 3817 de

335 3835 460 3899 singulas
478 3831 554 3885 cliori
574 3852 705 3900 personas
722 3835 923 3886 distribuendis
944 3851 1014 3900 quae
1033 3837 1166 3886 Herman-
1194 3833 1320 3900 singulis,
1335 3835 1427 3900 qualia
1439 3852 1471 3886 ex
1485 3843 1587 3900 septem
1601 3853 1670 3901 quae
1685 3843 1831 3904 supersunt
1848 3837 1953 3888 fabulis
1965 3852 2025 3902 per-

334 3917 385 3952 nus
407 3903 511 3968 aliique
528 3905 703 3956 coniecerunt
725 3904 832 3954 incerta
855 3909 883 3954 et
900 3905 1000 3968 partim
1019 3904 1168 3954 manifesto
1197 3902 1368 3967 ditarumque
1391 3904 1554 3970 fragmentis
1579 3905 1695 3969 plurima
1720 3905 1831 3972 collegit
1853 3905 1972 3957 'l'odtius
1996 3905 2024 3954 ia

335 3971 409 4021 falsa
430 3977 506 4022 sunt:
533 3979 635 4022 certum
659 3987 722 4022 vero
745 3978 788 4022 est
812 3965 1023 4037 manifestisque
1047 3973 1166 4023 locorum
1195 3971 1420 4022 commentatione
1434 3973 1791 4039 deAeachylococchalorum
1808 3977 1947 4038 incentore,
1967 3973 2024 4023 Ha·

335 4039 479 4090 multorum
494 4040 625 4105 exemplis
639 4041 843 4105 comprobat-um
859 4040 970 4090 chorum
985 4056 1067 4106 saepe
1081 4041 1110 4090 in
1122 4041 1167 4091 he·
1195 4039 1230 4090 lis
1247 4037 1320 4092 edita
1342 4055 1367 4090 a.
1385 4041 1473 4106 1855,
1498 4056 1582 4107 saepe
1600 4057 1702 4108 anceps
1720 4047 1763 4093 cst
1779 4042 1924 4106 iudicium,
1942 4056 2024 4106 quum

334 4107 478 4169 michoria‚
499 4123 610 4174 quorum
628 4114 726 4158 cantus
741 4109 922 4172 alternarent,
942 4108 1026 4158 fuisse
1042 4109 1167 4172 divisum,
1195 4108 1314 4172 priorum
1328 4113 1478 4173 poetarum,
1492 4108 1620 4174 Choerili,
1640 4113 1781 4175 Pratinae,
1794 4109 1943 4176 Phrynichi
1957 4109 2025 4160 alio·

333 4175 430 4240 dequo
443 4176 541 4227 Pollux
555 4176 625 4226 dixit
636 4181 661 4238 4,
674 4179 730 4228 107.
747 4176 793 4228 καί
805 4174 951 4240 ἡμιχδριον
963 4175 993 4226 δέ
1005 4175 1049 4226 καί
1062 4175 1168 4241 διχορία
1194 4191 1306 4242 rumque
1324 4176 1434 4228 fabulae
1453 4179 1586 4242 perierint
1603 4183 1631 4228 et
1648 4179 1795 4244 pleraeque
1814 4195 1846 4228 ne
1865 4180 1894 4229 in
1906 4178 2025 4228 Alexan·

333 4243 378 4293 καί
391 4241 541 4309 άντιχορία.
559 4242 632 4296 ἔοικε
645 4243 675 4296 δὲ
687 4243 794 4312 ταυτὸν
804 4243 877 4295 εἶναι
887 4246 978 4296 ταῦτα
987 4242 1022 4295 τὰ
1031 4243 1095 4308 τρία
1104 4244 1167 4296 ὀνό-
1194 4244 1331 4295 driuorum
1341 4246 1449 4309 quidem
1460 4247 1696 4311 grammaticorum
1707 4263 1803 4297 manus
1815 4246 1955 4297 veneunt:
1971 4261 2024 4311 quo

331 4325 412 4374 ματα.
435 4311 546 4364 ὁπόταν
552 4310 605 4377 γάρ
616 4311 631 4363 ὁ
642 4312 726 4377 χαράς
738 4311 776 4374 εἰς
786 4310 837 4365 δύο
848 4311 981 4378 διαιρεθῇ,
993 4311 1028 4362 τδ
1039 4311 1090 4374 μὲν
1099 4315 1167 4378 πρά·
1193 4311 1223 4362 lit
1235 4317 1266 4362 ut
1278 4315 1434 4365 nesciamus
1448 4329 1516 4380 quae
1534 4315 1670 4366 vocabula
1687 4316 1721 4366 ab
1739 4317 1796 4366 illis
1812 4316 1953 4380 acceperit
1971 4317 2025 4365 Ae·

331 4379 525 4444 ypermetrus
538 4379 659 4446 διχορία,
678 4379 795 4446 ἑκατέρα
808 4379 839 4432 δὲ
852 4383 935 4446 μοῖρα
946 4379 1100 4446 ἡμιχόριον.
1135 4384 1166 4432 In
1193 4382 1314 4447 schylus,
1332 4398 1402 4448 quae
1415 4385 1518 4450 primus
1530 4387 1588 4448 ipsc
1602 4383 1719 4436 flarent.
