<?xml version="1.0" encoding="UTF-8"?>
<!DOCTYPE html PUBLIC "-//W3C//DTD XHTML 1.0 Transitional//EN"
    "http://www.w3.org/TR/xhtml1/DTD/xhtml1-transitional.dtd">
<html xmlns="http://www.w3.org/1999/xhtml" xml:lang="en" lang="en">
 <head>
  <title>
</title>
<meta http-equiv="Content-Type" content="text/html;charset=utf-8" />
  <meta name='ocr-system' content='tesseract 3.04.00' />
  <meta name='ocr-capabilities' content='ocr_page ocr_carea ocr_par ocr_line ocrx_word'/>
</head>
<body>
  <div class='ocr_page' id='page_1' title='image "./poetarumscenico00arisgoog/poetarumscenico00arisgoog_0032.png"; bbox 0 0 4372 6614; ppageno 0'>
   <div class='ocr_carea' id='block_1_1' title="bbox 823 511 1852 574">
    <p class='ocr_par' dir='ltr' id='par_1_1' title="bbox 823 511 1852 574">
     <span class='ocr_line' id='line_1_1' title="bbox 823 511 1852 574; baseline -0.009 -9"><span class='ocrx_word' id='word_1_1' title='bbox 823 512 921 565; x_wconf 81' lang='lat' dir='ltr'><strong>viri</strong></span> <span class='ocrx_word' id='word_1_2' title='bbox 950 511 1171 566; x_wconf 77' lang='lat' dir='ltr'><strong>inserirur.</strong></span> <span class='ocrx_word' id='word_1_3' title='bbox 1298 535 1304 560; x_wconf 86' lang='lat'>.</span> <span class='ocrx_word' id='word_1_4' title='bbox 1831 511 1852 574; x_wconf 88' lang='lat'>9</span> 
     </span>
    </p>
   </div>
   <div class='ocr_carea' id='block_1_2' title="bbox 165 615 1852 623">
    <p class='ocr_par' dir='ltr' id='par_1_2' title="bbox 165 615 1852 623">
     <span class='ocr_line' id='line_1_2' title="bbox 165 615 1852 623; baseline -0.001 -1"><span class='ocrx_word' id='word_1_5' title='bbox 165 615 257 622; x_wconf 68' lang='lat'><strong>----</strong></span> <span class='ocrx_word' id='word_1_6' title='bbox 481 615 523 621; x_wconf 70' lang='grc'><strong>..-</strong></span> <span class='ocrx_word' id='word_1_7' title='bbox 911 617 942 622; x_wconf 83' lang='grc'>-</span> <span class='ocrx_word' id='word_1_8' title='bbox 952 617 991 622; x_wconf 68' lang='lat'><em>...-</em></span> <span class='ocrx_word' id='word_1_9' title='bbox 1004 617 1052 622; x_wconf 80' lang='grc'><strong>--.</strong></span> <span class='ocrx_word' id='word_1_10' title='bbox 1060 617 1108 622; x_wconf 55' lang='grc' dir='ltr'>...η-</span> <span class='ocrx_word' id='word_1_11' title='bbox 1116 617 1177 622; x_wconf 77' lang='grc'>..-...</span> <span class='ocrx_word' id='word_1_12' title='bbox 1210 617 1249 621; x_wconf 80' lang='grc'>...-</span> <span class='ocrx_word' id='word_1_13' title='bbox 1287 617 1321 622; x_wconf 63' lang='grc'><strong>,-</strong></span> <span class='ocrx_word' id='word_1_14' title='bbox 1332 616 1421 622; x_wconf 77' lang='grc'>..-.-</span> <span class='ocrx_word' id='word_1_15' title='bbox 1777 615 1852 623; x_wconf 79' lang='grc'><strong>-.</strong></span> 
     </span>
    </p>
   </div>
   <div class='ocr_carea' id='block_1_3' title="bbox 161 663 1852 2160">
    <p class='ocr_par' dir='ltr' id='par_1_3' title="bbox 161 663 1852 2160">
     <span class='ocr_line' id='line_1_3' title="bbox 163 663 1852 730; baseline 0.001 -16"><span class='ocrx_word' id='word_1_16' title='bbox 163 664 362 729; x_wconf 70' lang='lat' dir='ltr'><strong>posterioribus</strong></span> <span class='ocrx_word' id='word_1_17' title='bbox 376 665 466 728; x_wconf 87' lang='lat' dir='ltr'><strong>poetis</strong></span> <span class='ocrx_word' id='word_1_18' title='bbox 478 663 652 729; x_wconf 90' lang='lat' dir='ltr'><strong>perpolitum.</strong></span> <span class='ocrx_word' id='word_1_19' title='bbox 681 665 723 714; x_wconf 88' lang='lat' dir='ltr'><strong>Ex</strong></span> <span class='ocrx_word' id='word_1_20' title='bbox 736 663 889 716; x_wconf 91' lang='lat' dir='ltr'><strong>huiusmodi</strong></span> <span class='ocrx_word' id='word_1_21' title='bbox 904 679 993 715; x_wconf 85' lang='lat' dir='ltr'><strong>exem·</strong></span> <span class='ocrx_word' id='word_1_22' title='bbox 1022 664 1275 729; x_wconf 86' lang='lat' dir='ltr'><strong>Phrynichumque,</strong></span> <span class='ocrx_word' id='word_1_23' title='bbox 1295 664 1341 730; x_wconf 88' lang='lat' dir='ltr'><strong>qui</strong></span> <span class='ocrx_word' id='word_1_24' title='bbox 1353 663 1455 729; x_wconf 88' lang='lat' dir='ltr'><strong>primus</strong></span> <span class='ocrx_word' id='word_1_25' title='bbox 1466 679 1598 729; x_wconf 90' lang='lat' dir='ltr'><strong>personas</strong></span> <span class='ocrx_word' id='word_1_26' title='bbox 1610 663 1755 716; x_wconf 80' lang='lat' dir='ltr'><strong>muliebres</strong></span> <span class='ocrx_word' id='word_1_27' title='bbox 1767 666 1852 716; x_wconf 90' lang='lat' dir='ltr'><strong>intro-</strong></span> 
     </span>
     <span class='ocr_line' id='line_1_4' title="bbox 161 729 1852 799; baseline 0.002 -19"><span class='ocrx_word' id='word_1_28' title='bbox 161 731 288 796; x_wconf 87' lang='lat' dir='ltr'><strong>plaribue</strong></span> <span class='ocrx_word' id='word_1_29' title='bbox 311 729 552 795; x_wconf 88' lang='grc' dir='ltr'>διεσκευασμένοις</span> <span class='ocrx_word' id='word_1_30' title='bbox 581 747 635 782; x_wconf 83' lang='grc' dir='ltr'><strong>που</strong></span> <span class='ocrx_word' id='word_1_31' title='bbox 658 731 787 796; x_wconf 80' lang='lat' dir='ltr'><strong>Aeschyli</strong></span> <span class='ocrx_word' id='word_1_32' title='bbox 811 733 913 796; x_wconf 89' lang='lat' dir='ltr'><strong>solum,</strong></span> <span class='ocrx_word' id='word_1_33' title='bbox 943 732 993 782; x_wconf 88' lang='lat' dir='ltr'><strong>sod</strong></span> <span class='ocrx_word' id='word_1_34' title='bbox 1022 731 1140 782; x_wconf 84' lang='lat' dir='ltr'><strong>duxerat</strong></span> <span class='ocrx_word' id='word_1_35' title='bbox 1152 737 1180 781; x_wconf 87' lang='lat' dir='ltr'><strong>et</strong></span> <span class='ocrx_word' id='word_1_36' title='bbox 1192 731 1347 798; x_wconf 89' lang='lat' dir='ltr'><strong>olympiade</strong></span> <span class='ocrx_word' id='word_1_37' title='bbox 1361 734 1402 782; x_wconf 85' lang='grc'><strong>67.</strong></span> <span class='ocrx_word' id='word_1_38' title='bbox 1419 732 1565 783; x_wconf 89' lang='lat' dir='ltr'><strong>victoriam</strong></span> <span class='ocrx_word' id='word_1_39' title='bbox 1576 733 1713 784; x_wconf 88' lang='lat' dir='ltr'><strong>scenicam</strong></span> <span class='ocrx_word' id='word_1_40' title='bbox 1728 737 1852 799; x_wconf 90' lang='lat' dir='ltr'><strong>reporta-</strong></span> 
     </span>
     <span class='ocr_line' id='line_1_5' title="bbox 163 799 1852 866; baseline 0.002 -16"><span class='ocrx_word' id='word_1_41' title='bbox 163 801 251 850; x_wconf 88' lang='lat' dir='ltr'><strong>etiam</strong></span> <span class='ocrx_word' id='word_1_42' title='bbox 269 800 414 866; x_wconf 74' lang='lat' dir='ltr'><strong>Sophoclis</strong></span> <span class='ocrx_word' id='word_1_43' title='bbox 432 805 460 850; x_wconf 88' lang='lat' dir='ltr'><strong>et</strong></span> <span class='ocrx_word' id='word_1_44' title='bbox 475 799 628 866; x_wconf 77' lang='lat' dir='ltr'><strong>Euripidis,</strong></span> <span class='ocrx_word' id='word_1_45' title='bbox 649 816 762 866; x_wconf 88' lang='lat' dir='ltr'><strong>quorum</strong></span> <span class='ocrx_word' id='word_1_46' title='bbox 784 801 896 852; x_wconf 80' lang='lat' dir='ltr'><strong>fabulas</strong></span> <span class='ocrx_word' id='word_1_47' title='bbox 916 801 993 866; x_wconf 90' lang='lat' dir='ltr'><strong>ipsas</strong></span> <span class='ocrx_word' id='word_1_48' title='bbox 1022 806 1110 863; x_wconf 89' lang='lat' dir='ltr'><strong>verat,</strong></span> <span class='ocrx_word' id='word_1_49' title='bbox 1131 807 1160 850; x_wconf 90' lang='lat' dir='ltr'><strong>et</strong></span> <span class='ocrx_word' id='word_1_50' title='bbox 1176 800 1345 851; x_wconf 89' lang='lat' dir='ltr'><strong>hauddubie</strong></span> <span class='ocrx_word' id='word_1_51' title='bbox 1362 800 1417 850; x_wconf 91' lang='lat' dir='ltr'><strong>iam</strong></span> <span class='ocrx_word' id='word_1_52' title='bbox 1433 800 1577 865; x_wconf 88' lang='lat' dir='ltr'><strong>aliquanto</strong></span> <span class='ocrx_word' id='word_1_53' title='bbox 1594 802 1669 866; x_wconf 89' lang='lat' dir='ltr'><strong>prius</strong></span> <span class='ocrx_word' id='word_1_54' title='bbox 1682 801 1793 853; x_wconf 83' lang='lat' dir='ltr'><strong>fabulas</strong></span> <span class='ocrx_word' id='word_1_55' title='bbox 1806 800 1852 853; x_wconf 93' lang='lat' dir='ltr'><strong>do·</strong></span> 
     </span>
     <span class='ocr_line' id='line_1_6' title="bbox 164 868 1852 934; baseline 0.002 -17"><span class='ocrx_word' id='word_1_56' title='bbox 164 883 273 933; x_wconf 86' lang='lat' dir='ltr'><strong>quoqne</strong></span> <span class='ocrx_word' id='word_1_57' title='bbox 286 873 474 934; x_wconf 89' lang='lat' dir='ltr'><strong>postmortem</strong></span> <span class='ocrx_word' id='word_1_58' title='bbox 487 875 628 934; x_wconf 89' lang='lat' dir='ltr'><strong>poetarum</strong></span> <span class='ocrx_word' id='word_1_59' title='bbox 643 884 723 934; x_wconf 82' lang='lat' dir='ltr'><strong>saepe</strong></span> <span class='ocrx_word' id='word_1_60' title='bbox 734 874 813 920; x_wconf 88' lang='lat' dir='ltr'><strong>actas</strong></span> <span class='ocrx_word' id='word_1_61' title='bbox 823 883 883 920; x_wconf 89' lang='lat' dir='ltr'><strong>esse</strong></span> <span class='ocrx_word' id='word_1_62' title='bbox 894 869 992 918; x_wconf 88' lang='lat' dir='ltr'><strong>Demo·</strong></span> <span class='ocrx_word' id='word_1_63' title='bbox 1021 872 1126 932; x_wconf 84' lang='lat' dir='ltr'><strong>onerat,</strong></span> <span class='ocrx_word' id='word_1_64' title='bbox 1148 869 1238 934; x_wconf 87' lang='lat' dir='ltr'><strong>ipsum</strong></span> <span class='ocrx_word' id='word_1_65' title='bbox 1251 883 1358 934; x_wconf 89' lang='lat' dir='ltr'><strong>quoque</strong></span> <span class='ocrx_word' id='word_1_66' title='bbox 1371 883 1424 920; x_wconf 91' lang='lat' dir='ltr'><strong>uno</strong></span> <span class='ocrx_word' id='word_1_67' title='bbox 1437 883 1514 920; x_wconf 90' lang='lat' dir='ltr'><strong>usum</strong></span> <span class='ocrx_word' id='word_1_68' title='bbox 1531 883 1592 920; x_wconf 88' lang='lat' dir='ltr'><strong>esee</strong></span> <span class='ocrx_word' id='word_1_69' title='bbox 1604 868 1747 934; x_wconf 82' lang='lat' dir='ltr'><strong>histrione,</strong></span> <span class='ocrx_word' id='word_1_70' title='bbox 1765 868 1852 920; x_wconf 88' lang='lat' dir='ltr'><strong>donec</strong></span> 
     </span>
     <span class='ocr_line' id='line_1_7' title="bbox 163 935 1852 1004; baseline 0.003 -20"><span class='ocrx_word' id='word_1_71' title='bbox 163 935 279 986; x_wconf 87' lang='lat' dir='ltr'><strong>sthenes</strong></span> <span class='ocrx_word' id='word_1_72' title='bbox 297 937 400 1002; x_wconf 88' lang='lat' dir='ltr'><strong>aliique</strong></span> <span class='ocrx_word' id='word_1_73' title='bbox 416 941 570 1000; x_wconf 74' lang='lat' dir='ltr'><strong>testantur,</strong></span> <span class='ocrx_word' id='word_1_74' title='bbox 587 952 683 988; x_wconf 86' lang='lat' dir='ltr'><strong>versus</strong></span> <span class='ocrx_word' id='word_1_75' title='bbox 701 938 788 1003; x_wconf 89' lang='lat' dir='ltr'><strong>spurii</strong></span> <span class='ocrx_word' id='word_1_76' title='bbox 804 936 897 1001; x_wconf 91' lang='lat' dir='ltr'><strong>multi,</strong></span> <span class='ocrx_word' id='word_1_77' title='bbox 915 936 993 987; x_wconf 91' lang='lat' dir='ltr'><strong>modo</strong></span> <span class='ocrx_word' id='word_1_78' title='bbox 1020 937 1049 985; x_wconf 91' lang='lat' dir='ltr'><strong>iii</strong></span> <span class='ocrx_word' id='word_1_79' title='bbox 1066 935 1168 986; x_wconf 81' lang='lat' dir='ltr'><strong>tabulis</strong></span> <span class='ocrx_word' id='word_1_80' title='bbox 1188 940 1251 1002; x_wconf 91' lang='lat' dir='ltr'><strong>post</strong></span> <span class='ocrx_word' id='word_1_81' title='bbox 1268 937 1427 1002; x_wconf 81' lang='lat' dir='ltr'><strong>olymp.&#39;‘lO,</strong></span> <span class='ocrx_word' id='word_1_82' title='bbox 1441 939 1463 986; x_wconf 88' lang='lat' dir='ltr'><strong>i.</strong></span> <span class='ocrx_word' id='word_1_83' title='bbox 1482 937 1564 986; x_wconf 87' lang='lat' dir='ltr'><strong>editis</strong></span> <span class='ocrx_word' id='word_1_84' title='bbox 1580 936 1641 1003; x_wconf 90' lang='lat' dir='ltr'><strong>ipse</strong></span> <span class='ocrx_word' id='word_1_85' title='bbox 1659 953 1777 1004; x_wconf 85' lang='lat' dir='ltr'><strong>qnoque,</strong></span> <span class='ocrx_word' id='word_1_86' title='bbox 1795 941 1852 989; x_wconf 90' lang='lat' dir='ltr'><strong>Ae·</strong></span> 
     </span>
     <span class='ocr_line' id='line_1_8' title="bbox 162 1003 1850 1071; baseline 0 -16"><span class='ocrx_word' id='word_1_87' title='bbox 162 1003 267 1068; x_wconf 78' lang='lat' dir='ltr'><strong>singuli</strong></span> <span class='ocrx_word' id='word_1_88' title='bbox 284 1005 362 1054; x_wconf 87' lang='lat' dir='ltr'><strong>modo</strong></span> <span class='ocrx_word' id='word_1_89' title='bbox 379 1005 473 1070; x_wconf 90' lang='lat' dir='ltr'><strong>plures</strong></span> <span class='ocrx_word' id='word_1_90' title='bbox 490 1005 635 1071; x_wconf 87' lang='lat' dir='ltr'><strong>deinceps,</strong></span> <span class='ocrx_word' id='word_1_91' title='bbox 656 1021 705 1071; x_wconf 89' lang='lat' dir='ltr'><strong>per</strong></span> <span class='ocrx_word' id='word_1_92' title='bbox 722 1005 832 1056; x_wconf 88' lang='lat' dir='ltr'><strong>codices</strong></span> <span class='ocrx_word' id='word_1_93' title='bbox 849 1005 885 1054; x_wconf 91' lang='lat' dir='ltr'><strong>ad</strong></span> <span class='ocrx_word' id='word_1_94' title='bbox 899 1009 993 1055; x_wconf 88' lang='lat' dir='ltr'><strong>nostra</strong></span> <span class='ocrx_word' id='word_1_95' title='bbox 1021 1004 1109 1068; x_wconf 91' lang='lat' dir='ltr'><strong>schyli</strong></span> <span class='ocrx_word' id='word_1_96' title='bbox 1126 1009 1214 1056; x_wconf 90' lang='lat' dir='ltr'><strong>motus</strong></span> <span class='ocrx_word' id='word_1_97' title='bbox 1233 1004 1371 1070; x_wconf 81' lang='lat' dir='ltr'><strong>exemplo,</strong></span> <span class='ocrx_word' id='word_1_98' title='bbox 1395 1004 1499 1068; x_wconf 80' lang='lat' dir='ltr'><strong>duobus</strong></span> <span class='ocrx_word' id='word_1_99' title='bbox 1521 1009 1647 1056; x_wconf 89' lang='lat' dir='ltr'><strong>uteretur</strong></span> <span class='ocrx_word' id='word_1_100' title='bbox 1663 1007 1850 1057; x_wconf 89' lang='lat' dir='ltr'><strong>histrionibus.</strong></span> 
     </span>
     <span class='ocr_line' id='line_1_9' title="bbox 163 1072 1852 1139; baseline 0.002 -18"><span class='ocrx_word' id='word_1_101' title='bbox 163 1087 252 1136; x_wconf 90' lang='lat' dir='ltr'><strong>usque</strong></span> <span class='ocrx_word' id='word_1_102' title='bbox 274 1077 398 1138; x_wconf 87' lang='lat' dir='ltr'><strong>tempora</strong></span> <span class='ocrx_word' id='word_1_103' title='bbox 414 1075 561 1139; x_wconf 87' lang='lat' dir='ltr'><strong>propagati</strong></span> <span class='ocrx_word' id='word_1_104' title='bbox 583 1079 659 1124; x_wconf 89' lang='lat' dir='ltr'><strong>sunt:</strong></span> <span class='ocrx_word' id='word_1_105' title='bbox 683 1075 730 1138; x_wconf 92' lang='lat' dir='ltr'><strong>qui</strong></span> <span class='ocrx_word' id='word_1_106' title='bbox 749 1088 845 1125; x_wconf 87' lang='lat' dir='ltr'><strong>versus</strong></span> <span class='ocrx_word' id='word_1_107' title='bbox 866 1074 919 1124; x_wconf 87' lang='lat' dir='ltr'><strong>etsi</strong></span> <span class='ocrx_word' id='word_1_108' title='bbox 940 1089 994 1124; x_wconf 91' lang='lat' dir='ltr'><strong>non</strong></span> <span class='ocrx_word' id='word_1_109' title='bbox 1023 1074 1099 1136; x_wconf 79' lang='lat' dir='ltr'><strong>Quae</strong></span> <span class='ocrx_word' id='word_1_110' title='bbox 1112 1072 1179 1123; x_wconf 91' lang='lat' dir='ltr'><strong>licat</strong></span> <span class='ocrx_word' id='word_1_111' title='bbox 1191 1087 1245 1123; x_wconf 93' lang='lat' dir='ltr'><strong>non</strong></span> <span class='ocrx_word' id='word_1_112' title='bbox 1263 1072 1406 1124; x_wconf 76' lang='lat' dir='ltr'><strong>admodum</strong></span> <span class='ocrx_word' id='word_1_113' title='bbox 1422 1073 1586 1124; x_wconf 72' lang='lat' dir='ltr'><strong>verisimilia</strong></span> <span class='ocrx_word' id='word_1_114' title='bbox 1601 1074 1668 1137; x_wconf 89' lang='lat' dir='ltr'><strong>sint,</strong></span> <span class='ocrx_word' id='word_1_115' title='bbox 1687 1079 1780 1126; x_wconf 85' lang='lat' dir='ltr'><strong>tamen</strong></span> <span class='ocrx_word' id='word_1_116' title='bbox 1791 1074 1852 1125; x_wconf 89' lang='lat' dir='ltr'><strong>Ari-</strong></span> 
     </span>
     <span class='ocr_line' id='line_1_10' title="bbox 162 1139 1851 1208; baseline 0.003 -19"><span class='ocrx_word' id='word_1_117' title='bbox 162 1155 227 1190; x_wconf 86' lang='lat' dir='ltr'><strong>raro</strong></span> <span class='ocrx_word' id='word_1_118' title='bbox 238 1139 379 1205; x_wconf 87' lang='lat' dir='ltr'><strong>cogitandi</strong></span> <span class='ocrx_word' id='word_1_119' title='bbox 389 1140 552 1206; x_wconf 87' lang='lat' dir='ltr'><strong>dicendique</strong></span> <span class='ocrx_word' id='word_1_120' title='bbox 565 1142 670 1192; x_wconf 89' lang='lat' dir='ltr'><strong>ratione</strong></span> <span class='ocrx_word' id='word_1_121' title='bbox 684 1142 811 1206; x_wconf 81' lang='lat' dir='ltr'><strong>genuinis</strong></span> <span class='ocrx_word' id='word_1_122' title='bbox 823 1141 917 1192; x_wconf 90' lang='lat' dir='ltr'><strong>horum</strong></span> <span class='ocrx_word' id='word_1_123' title='bbox 930 1157 993 1207; x_wconf 89' lang='lat' dir='ltr'><strong>poe·</strong></span> <span class='ocrx_word' id='word_1_124' title='bbox 1022 1141 1127 1205; x_wconf 89' lang='lat' dir='ltr'><strong>stoteli‚</strong></span> <span class='ocrx_word' id='word_1_125' title='bbox 1142 1141 1248 1190; x_wconf 88' lang='lat' dir='ltr'><strong>auctori</strong></span> <span class='ocrx_word' id='word_1_126' title='bbox 1260 1141 1429 1207; x_wconf 86' lang='lat' dir='ltr'><strong>gravissimo,</strong></span> <span class='ocrx_word' id='word_1_127' title='bbox 1441 1141 1578 1192; x_wconf 86' lang='lat' dir='ltr'><strong>credenda</strong></span> <span class='ocrx_word' id='word_1_128' title='bbox 1591 1148 1679 1204; x_wconf 90' lang='lat' dir='ltr'><strong>erunt,</strong></span> <span class='ocrx_word' id='word_1_129' title='bbox 1693 1142 1779 1194; x_wconf 91' lang='lat' dir='ltr'><strong>donec</strong></span> <span class='ocrx_word' id='word_1_130' title='bbox 1791 1158 1851 1208; x_wconf 91' lang='lat' dir='ltr'><strong>pro-</strong></span> 
     </span>
     <span class='ocr_line' id='line_1_11' title="bbox 163 1209 1851 1275; baseline 0.001 -17"><span class='ocrx_word' id='word_1_131' title='bbox 163 1215 255 1258; x_wconf 85' lang='lat' dir='ltr'><strong>tarum</strong></span> <span class='ocrx_word' id='word_1_132' title='bbox 266 1209 393 1260; x_wconf 88' lang='lat' dir='ltr'><strong>versibus</strong></span> <span class='ocrx_word' id='word_1_133' title='bbox 404 1209 484 1260; x_wconf 88' lang='lat' dir='ltr'><strong>valde</strong></span> <span class='ocrx_word' id='word_1_134' title='bbox 494 1209 642 1260; x_wconf 84' lang='lat' dir='ltr'><strong>dissimiles</strong></span> <span class='ocrx_word' id='word_1_135' title='bbox 656 1215 727 1272; x_wconf 89' lang='lat' dir='ltr'><strong>sunt,</strong></span> <span class='ocrx_word' id='word_1_136' title='bbox 742 1214 899 1260; x_wconf 89' lang='lat' dir='ltr'><strong>tamennon</strong></span> <span class='ocrx_word' id='word_1_137' title='bbox 912 1211 994 1275; x_wconf 90' lang='lat' dir='ltr'><strong>pauci</strong></span> <span class='ocrx_word' id='word_1_138' title='bbox 1023 1209 1103 1259; x_wconf 89' lang='lat' dir='ltr'><strong>batur</strong></span> <span class='ocrx_word' id='word_1_139' title='bbox 1116 1209 1291 1260; x_wconf 88' lang='lat' dir='ltr'><strong>contrarium.</strong></span> <span class='ocrx_word' id='word_1_140' title='bbox 1315 1209 1387 1259; x_wconf 88' lang='lat' dir='ltr'><strong>Illud</strong></span> <span class='ocrx_word' id='word_1_141' title='bbox 1398 1225 1464 1260; x_wconf 90' lang='lat' dir='ltr'><strong>vero</strong></span> <span class='ocrx_word' id='word_1_142' title='bbox 1476 1210 1627 1260; x_wconf 82' lang='lat' dir='ltr'><strong>rectissime</strong></span> <span class='ocrx_word' id='word_1_143' title='bbox 1641 1209 1744 1262; x_wconf 85' lang='lat' dir='ltr'><strong>dixisse</strong></span> <span class='ocrx_word' id='word_1_144' title='bbox 1756 1211 1851 1262; x_wconf 77' lang='lat' dir='ltr'><strong>viden-</strong></span> 
     </span>
     <span class='ocr_line' id='line_1_12' title="bbox 162 1277 1850 1345; baseline 0.002 -19"><span class='ocrx_word' id='word_1_145' title='bbox 162 1277 296 1328; x_wconf 86' lang='lat' dir='ltr'><strong>intereos</strong></span> <span class='ocrx_word' id='word_1_146' title='bbox 308 1277 481 1342; x_wconf 88' lang='lat' dir='ltr'><strong>reperiuntur</strong></span> <span class='ocrx_word' id='word_1_147' title='bbox 494 1279 540 1343; x_wconf 91' lang='lat' dir='ltr'><strong>qui</strong></span> <span class='ocrx_word' id='word_1_148' title='bbox 552 1279 750 1343; x_wconf 84' lang='lat' dir='ltr'><strong>posterioribus</strong></span> <span class='ocrx_word' id='word_1_149' title='bbox 767 1293 834 1343; x_wconf 88' lang='lat' dir='ltr'><strong>quos</strong></span> <span class='ocrx_word' id='word_1_150' title='bbox 848 1278 994 1342; x_wconf 84' lang='lat' dir='ltr'><strong>Quintilla·</strong></span> <span class='ocrx_word' id='word_1_151' title='bbox 1022 1281 1067 1327; x_wconf 86' lang='lat' dir='ltr'><strong>tur</strong></span> <span class='ocrx_word' id='word_1_152' title='bbox 1083 1277 1261 1339; x_wconf 87' lang='lat' dir='ltr'><strong>Aristoteles,</strong></span> <span class='ocrx_word' id='word_1_153' title='bbox 1279 1277 1446 1343; x_wconf 78' lang='lat' dir='ltr'><strong>biographus</strong></span> <span class='ocrx_word' id='word_1_154' title='bbox 1458 1277 1610 1344; x_wconf 82' lang='lat' dir='ltr'><strong>Sophoclis,</strong></span> <span class='ocrx_word' id='word_1_155' title='bbox 1627 1279 1767 1345; x_wconf 77' lang='lat' dir='ltr'><strong>Diogenes</strong></span> <span class='ocrx_word' id='word_1_156' title='bbox 1779 1281 1811 1329; x_wconf 87' lang='lat' dir='ltr'><strong>L.</strong></span> <span class='ocrx_word' id='word_1_157' title='bbox 1825 1281 1850 1341; x_wconf 87' lang='lat'><strong>3,</strong></span> 
     </span>
     <span class='ocr_line' id='line_1_13' title="bbox 162 1344 1850 1411; baseline 0.001 -17"><span class='ocrx_word' id='word_1_158' title='bbox 162 1359 216 1395; x_wconf 91' lang='lat' dir='ltr'><strong>nus</strong></span> <span class='ocrx_word' id='word_1_159' title='bbox 240 1344 312 1396; x_wconf 81' lang='lat' dir='ltr'><strong>dixit</strong></span> <span class='ocrx_word' id='word_1_160' title='bbox 335 1346 426 1411; x_wconf 88' lang='lat' dir='ltr'><strong>poetis</strong></span> <span class='ocrx_word' id='word_1_161' title='bbox 450 1345 631 1411; x_wconf 80' lang='lat' dir='ltr'><strong>probabiliter</strong></span> <span class='ocrx_word' id='word_1_162' title='bbox 655 1347 738 1397; x_wconf 91' lang='lat' dir='ltr'><strong>tribui</strong></span> <span class='ocrx_word' id='word_1_163' title='bbox 758 1347 874 1410; x_wconf 89' lang='lat' dir='ltr'><strong>possint.</strong></span> <span class='ocrx_word' id='word_1_164' title='bbox 917 1349 994 1410; x_wconf 84' lang='lat' dir='ltr'><strong>Quae</strong></span> <span class='ocrx_word' id='word_1_165' title='bbox 1021 1347 1062 1396; x_wconf 83' lang='grc'>56.</span> <span class='ocrx_word' id='word_1_166' title='bbox 1075 1350 1104 1396; x_wconf 90' lang='lat' dir='ltr'><strong>et</strong></span> <span class='ocrx_word' id='word_1_167' title='bbox 1117 1345 1217 1397; x_wconf 86' lang='lat' dir='ltr'><strong>Suidas</strong></span> <span class='ocrx_word' id='word_1_168' title='bbox 1230 1361 1251 1396; x_wconf 91' lang='lat' dir='ltr'><strong>s.</strong></span> <span class='ocrx_word' id='word_1_169' title='bbox 1264 1361 1289 1396; x_wconf 88' lang='grc' dir='ltr'><strong>ν.</strong></span> <span class='ocrx_word' id='word_1_170' title='bbox 1303 1345 1463 1410; x_wconf 81' lang='grc' dir='ltr'>Σοφοκλῆς,</span> <span class='ocrx_word' id='word_1_171' title='bbox 1483 1361 1595 1410; x_wconf 89' lang='lat' dir='ltr'><strong>quorum</strong></span> <span class='ocrx_word' id='word_1_172' title='bbox 1613 1345 1646 1396; x_wconf 89' lang='lat' dir='ltr'><strong>de</strong></span> <span class='ocrx_word' id='word_1_173' title='bbox 1663 1347 1730 1398; x_wconf 90' lang='lat' dir='ltr'><strong>locis</strong></span> <span class='ocrx_word' id='word_1_174' title='bbox 1748 1347 1805 1398; x_wconf 83' lang='lat' dir='ltr'><strong>dixi</strong></span> <span class='ocrx_word' id='word_1_175' title='bbox 1822 1348 1850 1396; x_wconf 88' lang='lat' dir='ltr'><strong>iii</strong></span> 
     </span>
     <span class='ocr_line' id='line_1_14' title="bbox 162 1413 1850 1480; baseline 0.004 -20"><span class='ocrx_word' id='word_1_176' title='bbox 162 1413 242 1462; x_wconf 80' lang='lat' dir='ltr'><strong>frans</strong></span> <span class='ocrx_word' id='word_1_177' title='bbox 253 1413 482 1464; x_wconf 84' lang='lat' dir='ltr'><strong>manifestissima</strong></span> <span class='ocrx_word' id='word_1_178' title='bbox 500 1419 542 1464; x_wconf 91' lang='lat' dir='ltr'><strong>est</strong></span> <span class='ocrx_word' id='word_1_179' title='bbox 560 1415 587 1464; x_wconf 91' lang='lat' dir='ltr'><strong>iu</strong></span> <span class='ocrx_word' id='word_1_180' title='bbox 605 1415 746 1480; x_wconf 84' lang='lat' dir='ltr'><strong>Euripidis</strong></span> <span class='ocrx_word' id='word_1_181' title='bbox 762 1414 907 1480; x_wconf 83' lang='lat' dir='ltr'><strong>Iphigenia</strong></span> <span class='ocrx_word' id='word_1_182' title='bbox 919 1413 993 1464; x_wconf 86' lang='lat' dir='ltr'><strong>Auli·</strong></span> <span class='ocrx_word' id='word_1_183' title='bbox 1021 1414 1086 1463; x_wconf 81' lang='lat' dir='ltr'><strong>Vite</strong></span> <span class='ocrx_word' id='word_1_184' title='bbox 1100 1413 1245 1479; x_wconf 86' lang='lat' dir='ltr'><strong>Sophoclis</strong></span> <span class='ocrx_word' id='word_1_185' title='bbox 1259 1413 1346 1466; x_wconf 77' lang='lat' dir='ltr'><strong>Onon.</strong></span> <span class='ocrx_word' id='word_1_186' title='bbox 1360 1429 1385 1478; x_wconf 91' lang='lat' dir='ltr'><strong>p.</strong></span> <span class='ocrx_word' id='word_1_187' title='bbox 1399 1415 1508 1477; x_wconf 77' lang='lat' dir='ltr'><strong>xxxi,</strong></span> <span class='ocrx_word' id='word_1_188' title='bbox 1526 1415 1660 1465; x_wconf 89' lang='lat' dir='ltr'><strong>neminem</strong></span> <span class='ocrx_word' id='word_1_189' title='bbox 1672 1421 1736 1466; x_wconf 90' lang='lat' dir='ltr'><strong>aute</strong></span> <span class='ocrx_word' id='word_1_190' title='bbox 1747 1415 1850 1480; x_wconf 84' lang='lat' dir='ltr'><strong>Sopho-</strong></span> 
     </span>
     <span class='ocr_line' id='line_1_15' title="bbox 163 1479 1849 1549; baseline 0.003 -20"><span class='ocrx_word' id='word_1_191' title='bbox 163 1479 258 1544; x_wconf 89' lang='lat' dir='ltr'><strong>densi,</strong></span> <span class='ocrx_word' id='word_1_192' title='bbox 276 1497 357 1546; x_wconf 86' lang='lat' dir='ltr'><strong>quam</strong></span> <span class='ocrx_word' id='word_1_193' title='bbox 375 1481 498 1532; x_wconf 83' lang='lat' dir='ltr'><strong>fabulam</strong></span> <span class='ocrx_word' id='word_1_194' title='bbox 515 1497 596 1546; x_wconf 87' lang='lat' dir='ltr'><strong>quum</strong></span> <span class='ocrx_word' id='word_1_195' title='bbox 613 1484 748 1534; x_wconf 88' lang='lat' dir='ltr'><strong>nonsatis</strong></span> <span class='ocrx_word' id='word_1_196' title='bbox 765 1483 936 1534; x_wconf 89' lang='lat' dir='ltr'><strong>elaboratam</strong></span> <span class='ocrx_word' id='word_1_197' title='bbox 947 1498 994 1532; x_wconf 88' lang='lat' dir='ltr'><strong>ue·</strong></span> <span class='ocrx_word' id='word_1_198' title='bbox 1022 1481 1103 1544; x_wconf 90' lang='lat' dir='ltr'><strong>clem,</strong></span> <span class='ocrx_word' id='word_1_199' title='bbox 1123 1482 1169 1546; x_wconf 91' lang='lat' dir='ltr'><strong>qui</strong></span> <span class='ocrx_word' id='word_1_200' title='bbox 1182 1483 1295 1548; x_wconf 89' lang='lat' dir='ltr'><strong>primam</strong></span> <span class='ocrx_word' id='word_1_201' title='bbox 1307 1481 1451 1532; x_wconf 89' lang='lat' dir='ltr'><strong>victoriam</strong></span> <span class='ocrx_word' id='word_1_202' title='bbox 1470 1483 1624 1548; x_wconf 71' lang='lat' dir='ltr'><strong>reportavit</strong></span> <span class='ocrx_word' id='word_1_203' title='bbox 1640 1484 1741 1549; x_wconf 89' lang='lat' dir='ltr'><strong>olymp.</strong></span> <span class='ocrx_word' id='word_1_204' title='bbox 1758 1486 1806 1546; x_wconf 66' lang='lat' dir='ltr'><strong>ll,</strong></span> <span class='ocrx_word' id='word_1_205' title='bbox 1814 1486 1849 1546; x_wconf 85' lang='grc'>4.,</span> 
     </span>
     <span class='ocr_line' id='line_1_16' title="bbox 162 1549 1852 1616; baseline 0.002 -18"><span class='ocrx_word' id='word_1_206' title='bbox 162 1564 218 1612; x_wconf 90' lang='lat' dir='ltr'><strong>que</strong></span> <span class='ocrx_word' id='word_1_207' title='bbox 239 1549 275 1598; x_wconf 92' lang='lat' dir='ltr'><strong>ad</strong></span> <span class='ocrx_word' id='word_1_208' title='bbox 292 1549 372 1600; x_wconf 87' lang='lat' dir='ltr'><strong>finem</strong></span> <span class='ocrx_word' id='word_1_209' title='bbox 394 1549 555 1614; x_wconf 88' lang='lat' dir='ltr'><strong>perductam</strong></span> <span class='ocrx_word' id='word_1_210' title='bbox 575 1549 733 1615; x_wconf 88' lang='lat' dir='ltr'><strong>reliquisset</strong></span> <span class='ocrx_word' id='word_1_211' title='bbox 748 1551 909 1615; x_wconf 83' lang='lat' dir='ltr'><strong>Euripides,</strong></span> <span class='ocrx_word' id='word_1_212' title='bbox 932 1554 995 1616; x_wconf 92' lang='lat' dir='ltr'><strong>post</strong></span> <span class='ocrx_word' id='word_1_213' title='bbox 1021 1551 1108 1601; x_wconf 88' lang='lat' dir='ltr'><strong>tribus</strong></span> <span class='ocrx_word' id='word_1_214' title='bbox 1118 1565 1195 1600; x_wconf 91' lang='lat' dir='ltr'><strong>usum</strong></span> <span class='ocrx_word' id='word_1_215' title='bbox 1205 1565 1266 1602; x_wconf 88' lang='lat' dir='ltr'><strong>esse</strong></span> <span class='ocrx_word' id='word_1_216' title='bbox 1276 1549 1467 1601; x_wconf 88' lang='lat' dir='ltr'><strong>histrionibus:</strong></span> <span class='ocrx_word' id='word_1_217' title='bbox 1479 1549 1549 1615; x_wconf 90' lang='lat' dir='ltr'><strong>qnod</strong></span> <span class='ocrx_word' id='word_1_218' title='bbox 1560 1549 1852 1616; x_wconf 82' lang='lat' dir='ltr'><strong>confirmaturcompa-</strong></span> 
     </span>
     <span class='ocr_line' id='line_1_17' title="bbox 161 1617 1852 1686; baseline 0.002 -21"><span class='ocrx_word' id='word_1_219' title='bbox 161 1623 278 1667; x_wconf 89' lang='lat' dir='ltr'><strong>mortem</strong></span> <span class='ocrx_word' id='word_1_220' title='bbox 291 1621 350 1668; x_wconf 87' lang='lat' dir='ltr'><strong>aius</strong></span> <span class='ocrx_word' id='word_1_221' title='bbox 362 1619 397 1668; x_wconf 88' lang='lat' dir='ltr'><strong>ab</strong></span> <span class='ocrx_word' id='word_1_222' title='bbox 412 1617 475 1668; x_wconf 90' lang='lat' dir='ltr'><strong>aliis</strong></span> <span class='ocrx_word' id='word_1_223' title='bbox 487 1618 569 1668; x_wconf 89' lang='lat' dir='ltr'><strong>aliter</strong></span> <span class='ocrx_word' id='word_1_224' title='bbox 581 1624 624 1669; x_wconf 89' lang='lat' dir='ltr'><strong>est</strong></span> <span class='ocrx_word' id='word_1_225' title='bbox 634 1619 804 1670; x_wconf 76' lang='lat' dir='ltr'><strong>conformata</strong></span> <span class='ocrx_word' id='word_1_226' title='bbox 817 1624 846 1669; x_wconf 92' lang='lat' dir='ltr'><strong>et</strong></span> <span class='ocrx_word' id='word_1_227' title='bbox 857 1619 994 1682; x_wconf 82' lang='lat' dir='ltr'><strong>absolute,</strong></span> <span class='ocrx_word' id='word_1_228' title='bbox 1021 1622 1090 1669; x_wconf 86' lang='lat' dir='ltr'><strong>ratis</strong></span> <span class='ocrx_word' id='word_1_229' title='bbox 1099 1620 1172 1669; x_wconf 91' lang='lat' dir='ltr'><strong>inter</strong></span> <span class='ocrx_word' id='word_1_230' title='bbox 1181 1634 1209 1668; x_wconf 89' lang='lat' dir='ltr'><strong>se</strong></span> <span class='ocrx_word' id='word_1_231' title='bbox 1220 1617 1349 1682; x_wconf 79' lang='lat' dir='ltr'><strong>Aeschyli</strong></span> <span class='ocrx_word' id='word_1_232' title='bbox 1360 1622 1390 1667; x_wconf 90' lang='lat' dir='ltr'><strong>et</strong></span> <span class='ocrx_word' id='word_1_233' title='bbox 1402 1617 1545 1682; x_wconf 86' lang='lat' dir='ltr'><strong>Sophoclis</strong></span> <span class='ocrx_word' id='word_1_234' title='bbox 1555 1633 1626 1682; x_wconf 89' lang='lat' dir='ltr'><strong>qnae</strong></span> <span class='ocrx_word' id='word_1_235' title='bbox 1636 1625 1784 1686; x_wconf 86' lang='lat' dir='ltr'><strong>supersunt</strong></span> <span class='ocrx_word' id='word_1_236' title='bbox 1797 1625 1852 1669; x_wconf 89' lang='lat' dir='ltr'><strong>tra-</strong></span> 
     </span>
     <span class='ocr_line' id='line_1_18' title="bbox 161 1683 1850 1753; baseline 0.003 -20"><span class='ocrx_word' id='word_1_237' title='bbox 161 1683 337 1751; x_wconf 89' lang='lat' dir='ltr'><strong>ineptissime</strong></span> <span class='ocrx_word' id='word_1_238' title='bbox 354 1693 418 1751; x_wconf 90' lang='lat' dir='ltr'><strong>post</strong></span> <span class='ocrx_word' id='word_1_239' title='bbox 430 1690 596 1752; x_wconf 77' lang='lat' dir='ltr'><strong>anapaestos</strong></span> <span class='ocrx_word' id='word_1_240' title='bbox 608 1685 727 1751; x_wconf 77' lang='lat' dir='ltr'><strong>(i-as.)</strong></span> <span class='ocrx_word' id='word_1_241' title='bbox 744 1686 823 1737; x_wconf 86' lang='lat' dir='ltr'><strong>illato</strong></span> <span class='ocrx_word' id='word_1_242' title='bbox 838 1687 949 1753; x_wconf 85' lang='lat' dir='ltr'><strong>prologo</strong></span> <span class='ocrx_word' id='word_1_243' title='bbox 962 1713 993 1722; x_wconf 91' lang='lat'>—</span> <span class='ocrx_word' id='word_1_244' title='bbox 1022 1687 1136 1752; x_wconf 84' lang='lat' dir='ltr'><strong>goediis.</strong></span> <span class='ocrx_word' id='word_1_245' title='bbox 1166 1687 1236 1736; x_wconf 87' lang='lat' dir='ltr'><strong>Nam</strong></span> <span class='ocrx_word' id='word_1_246' title='bbox 1247 1688 1320 1737; x_wconf 88' lang='lat' dir='ltr'><strong>inter</strong></span> <span class='ocrx_word' id='word_1_247' title='bbox 1332 1685 1500 1751; x_wconf 88' lang='lat' dir='ltr'><strong>Sophoclcas</strong></span> <span class='ocrx_word' id='word_1_248' title='bbox 1517 1685 1594 1738; x_wconf 90' lang='lat' dir='ltr'><strong>nulla</strong></span> <span class='ocrx_word' id='word_1_249' title='bbox 1606 1691 1649 1737; x_wconf 89' lang='lat' dir='ltr'><strong>est</strong></span> <span class='ocrx_word' id='word_1_250' title='bbox 1665 1702 1734 1752; x_wconf 91' lang='lat' dir='ltr'><strong>quae</strong></span> <span class='ocrx_word' id='word_1_251' title='bbox 1748 1703 1803 1739; x_wconf 92' lang='lat' dir='ltr'><strong>non</strong></span> <span class='ocrx_word' id='word_1_252' title='bbox 1816 1689 1850 1738; x_wconf 91' lang='lat' dir='ltr'><strong>ab</strong></span> 
     </span>
     <span class='ocr_line' id='line_1_19' title="bbox 162 1753 1851 1820; baseline 0.002 -18"><span class='ocrx_word' id='word_1_253' title='bbox 162 1755 211 1817; x_wconf 91' lang='lat' dir='ltr'><strong>qui</strong></span> <span class='ocrx_word' id='word_1_254' title='bbox 223 1767 306 1816; x_wconf 90' lang='lat' dir='ltr'><strong>quum</strong></span> <span class='ocrx_word' id='word_1_255' title='bbox 318 1755 373 1804; x_wconf 92' lang='lat' dir='ltr'><strong>iam</strong></span> <span class='ocrx_word' id='word_1_256' title='bbox 385 1755 420 1805; x_wconf 92' lang='lat' dir='ltr'><strong>ab</strong></span> <span class='ocrx_word' id='word_1_257' title='bbox 430 1753 580 1806; x_wconf 83' lang='lat' dir='ltr'><strong>Aristotele</strong></span> <span class='ocrx_word' id='word_1_258' title='bbox 592 1754 684 1805; x_wconf 89' lang='lat' dir='ltr'><strong>lectus</strong></span> <span class='ocrx_word' id='word_1_259' title='bbox 696 1755 789 1818; x_wconf 85' lang='lat' dir='ltr'><strong>fuerit,</strong></span> <span class='ocrx_word' id='word_1_260' title='bbox 803 1771 856 1805; x_wconf 93' lang='lat' dir='ltr'><strong>non</strong></span> <span class='ocrx_word' id='word_1_261' title='bbox 867 1757 926 1806; x_wconf 91' lang='lat' dir='ltr'><strong>sine</strong></span> <span class='ocrx_word' id='word_1_262' title='bbox 936 1755 995 1806; x_wconf 90' lang='lat' dir='ltr'><strong>veri</strong></span> <span class='ocrx_word' id='word_1_263' title='bbox 1022 1756 1112 1806; x_wconf 88' lang='lat' dir='ltr'><strong>tribus</strong></span> <span class='ocrx_word' id='word_1_264' title='bbox 1125 1759 1188 1805; x_wconf 86' lang='lat' dir='ltr'><strong>acta</strong></span> <span class='ocrx_word' id='word_1_265' title='bbox 1201 1755 1238 1804; x_wconf 90' lang='lat' dir='ltr'><strong>sit</strong></span> <span class='ocrx_word' id='word_1_266' title='bbox 1250 1754 1442 1817; x_wconf 82' lang='lat' dir='ltr'><strong>histrionibus,</strong></span> <span class='ocrx_word' id='word_1_267' title='bbox 1459 1753 1608 1820; x_wconf 89' lang='lat' dir='ltr'><strong>eademque</strong></span> <span class='ocrx_word' id='word_1_268' title='bbox 1621 1755 1753 1820; x_wconf 84' lang='lat' dir='ltr'><strong>Aeschyli</strong></span> <span class='ocrx_word' id='word_1_269' title='bbox 1765 1759 1851 1806; x_wconf 91' lang='lat' dir='ltr'><strong>tetra·</strong></span> 
     </span>
     <span class='ocr_line' id='line_1_20' title="bbox 161 1822 1851 1890; baseline 0.002 -20"><span class='ocrx_word' id='word_1_270' title='bbox 161 1823 258 1886; x_wconf 90' lang='lat' dir='ltr'><strong>specie</strong></span> <span class='ocrx_word' id='word_1_271' title='bbox 270 1822 395 1888; x_wconf 81' lang='lat' dir='ltr'><strong>Euripidi</strong></span> <span class='ocrx_word' id='word_1_272' title='bbox 410 1824 508 1873; x_wconf 89' lang='lat' dir='ltr'><strong>minori</strong></span> <span class='ocrx_word' id='word_1_273' title='bbox 525 1823 610 1872; x_wconf 89' lang='lat' dir='ltr'><strong>tribui</strong></span> <span class='ocrx_word' id='word_1_274' title='bbox 625 1827 718 1889; x_wconf 90' lang='lat' dir='ltr'><strong>potest</strong></span> <span class='ocrx_word' id='word_1_275' title='bbox 730 1851 775 1882; x_wconf 92' lang='lat'><strong>-‚</strong></span> <span class='ocrx_word' id='word_1_276' title='bbox 793 1823 896 1888; x_wconf 85' lang='lat' dir='ltr'><strong>paredo</strong></span> <span class='ocrx_word' id='word_1_277' title='bbox 909 1823 994 1883; x_wconf 90' lang='lat' dir='ltr'><strong>chori,</strong></span> <span class='ocrx_word' id='word_1_278' title='bbox 1022 1823 1114 1889; x_wconf 85' lang='lat' dir='ltr'><strong>legiae</strong></span> <span class='ocrx_word' id='word_1_279' title='bbox 1128 1823 1262 1874; x_wconf 86' lang='lat' dir='ltr'><strong>Oresteae</strong></span> <span class='ocrx_word' id='word_1_280' title='bbox 1280 1822 1391 1890; x_wconf 89' lang='lat' dir='ltr'><strong>(olymp.</strong></span> <span class='ocrx_word' id='word_1_281' title='bbox 1404 1823 1450 1882; x_wconf 88' lang='lat'><strong>80,</strong></span> <span class='ocrx_word' id='word_1_282' title='bbox 1463 1825 1500 1884; x_wconf 79' lang='grc'>2.)</span> <span class='ocrx_word' id='word_1_283' title='bbox 1517 1824 1588 1873; x_wconf 85' lang='lat' dir='ltr'><strong>ratio</strong></span> <span class='ocrx_word' id='word_1_284' title='bbox 1607 1827 1662 1884; x_wconf 89' lang='lat' dir='ltr'><strong>est,</strong></span> <span class='ocrx_word' id='word_1_285' title='bbox 1679 1825 1708 1872; x_wconf 91' lang='lat' dir='ltr'><strong>in</strong></span> <span class='ocrx_word' id='word_1_286' title='bbox 1725 1838 1779 1889; x_wconf 87' lang='lat' dir='ltr'><strong>qua</strong></span> <span class='ocrx_word' id='word_1_287' title='bbox 1792 1829 1851 1874; x_wconf 90' lang='lat' dir='ltr'><strong>tres</strong></span> 
     </span>
     <span class='ocr_line' id='line_1_21' title="bbox 163 1889 1851 1957; baseline 0.002 -19"><span class='ocrx_word' id='word_1_288' title='bbox 163 1890 244 1939; x_wconf 85' lang='lat' dir='ltr'><strong>euius</strong></span> <span class='ocrx_word' id='word_1_289' title='bbox 257 1889 326 1941; x_wconf 86' lang='lat' dir='ltr'><strong>duaa</strong></span> <span class='ocrx_word' id='word_1_290' title='bbox 340 1895 446 1941; x_wconf 91' lang='lat' dir='ltr'><strong>tantum</strong></span> <span class='ocrx_word' id='word_1_291' title='bbox 459 1890 586 1956; x_wconf 89' lang='lat' dir='ltr'><strong>strophas</strong></span> <span class='ocrx_word' id='word_1_292' title='bbox 604 1892 755 1956; x_wconf 87' lang='lat' dir='ltr'><strong>reliquerat</strong></span> <span class='ocrx_word' id='word_1_293' title='bbox 767 1891 922 1957; x_wconf 87' lang='lat' dir='ltr'><strong>Euripides,</strong></span> <span class='ocrx_word' id='word_1_294' title='bbox 939 1906 993 1940; x_wconf 89' lang='lat' dir='ltr'><strong>am·</strong></span> <span class='ocrx_word' id='word_1_295' title='bbox 1021 1891 1102 1942; x_wconf 87' lang='lat' dir='ltr'><strong>simul</strong></span> <span class='ocrx_word' id='word_1_296' title='bbox 1119 1905 1252 1955; x_wconf 87' lang='lat' dir='ltr'><strong>personae</strong></span> <span class='ocrx_word' id='word_1_297' title='bbox 1269 1891 1425 1950; x_wconf 70' lang='lat' dir='ltr'><strong>inaceriam</strong></span> <span class='ocrx_word' id='word_1_298' title='bbox 1441 1890 1589 1955; x_wconf 84' lang='lat' dir='ltr'><strong>aliquoties</strong></span> <span class='ocrx_word' id='word_1_299' title='bbox 1605 1890 1754 1956; x_wconf 87' lang='lat' dir='ltr'><strong>prodeunt,</strong></span> <span class='ocrx_word' id='word_1_300' title='bbox 1771 1907 1851 1942; x_wconf 90' lang='lat' dir='ltr'><strong>cave-</strong></span> 
     </span>
     <span class='ocr_line' id='line_1_22' title="bbox 162 1956 1850 2025; baseline 0.001 -18"><span class='ocrx_word' id='word_1_301' title='bbox 162 1956 219 2022; x_wconf 90' lang='lat' dir='ltr'><strong>plis</strong></span> <span class='ocrx_word' id='word_1_302' title='bbox 235 1973 362 2008; x_wconf 82' lang='lat' dir='ltr'><strong>versuum</strong></span> <span class='ocrx_word' id='word_1_303' title='bbox 380 1960 479 2025; x_wconf 88' lang='lat' dir='ltr'><strong>partim</strong></span> <span class='ocrx_word' id='word_1_304' title='bbox 492 1961 671 2025; x_wconf 87' lang='lat' dir='ltr'><strong>pessimorum</strong></span> <span class='ocrx_word' id='word_1_305' title='bbox 687 1959 884 2010; x_wconf 82' lang='lat' dir='ltr'><strong>additamentis</strong></span> <span class='ocrx_word' id='word_1_306' title='bbox 902 1964 994 2022; x_wconf 89' lang='lat' dir='ltr'><strong>aucta,</strong></span> <span class='ocrx_word' id='word_1_307' title='bbox 1021 1965 1119 2024; x_wconf 87' lang='lat' dir='ltr'><strong>turque</strong></span> <span class='ocrx_word' id='word_1_308' title='bbox 1132 1974 1166 2009; x_wconf 90' lang='lat' dir='ltr'><strong>nc</strong></span> <span class='ocrx_word' id='word_1_309' title='bbox 1180 1963 1310 2024; x_wconf 91' lang='lat' dir='ltr'><strong>quattuor</strong></span> <span class='ocrx_word' id='word_1_310' title='bbox 1319 1973 1387 2022; x_wconf 88' lang='lat' dir='ltr'><strong>opus</strong></span> <span class='ocrx_word' id='word_1_311' title='bbox 1399 1959 1436 2010; x_wconf 90' lang='lat' dir='ltr'><strong>sit</strong></span> <span class='ocrx_word' id='word_1_312' title='bbox 1445 1957 1634 2024; x_wconf 86' lang='lat' dir='ltr'><strong>histrionibus,</strong></span> <span class='ocrx_word' id='word_1_313' title='bbox 1647 1959 1719 2022; x_wconf 90' lang='lat' dir='ltr'><strong>qnod</strong></span> <span class='ocrx_word' id='word_1_314' title='bbox 1729 1959 1850 2010; x_wconf 91' lang='lat' dir='ltr'><strong>animad-</strong></span> 
     </span>
     <span class='ocr_line' id='line_1_23' title="bbox 163 2023 1850 2092; baseline 0.002 -18"><span class='ocrx_word' id='word_1_315' title='bbox 163 2033 195 2075; x_wconf 91' lang='lat' dir='ltr'><strong>et</strong></span> <span class='ocrx_word' id='word_1_316' title='bbox 207 2041 278 2091; x_wconf 89' lang='lat' dir='ltr'><strong>quae</strong></span> <span class='ocrx_word' id='word_1_317' title='bbox 291 2033 355 2078; x_wconf 86' lang='lat' dir='ltr'><strong>sunt</strong></span> <span class='ocrx_word' id='word_1_318' title='bbox 368 2026 490 2092; x_wconf 88' lang='lat' dir='ltr'><strong>reliquae</strong></span> <span class='ocrx_word' id='word_1_319' title='bbox 506 2042 555 2092; x_wconf 89' lang='lat' dir='ltr'><strong>per</strong></span> <span class='ocrx_word' id='word_1_320' title='bbox 568 2032 653 2079; x_wconf 90' lang='lat' dir='ltr'><strong>totam</strong></span> <span class='ocrx_word' id='word_1_321' title='bbox 666 2027 788 2078; x_wconf 80' lang='lat' dir='ltr'><strong>fabulam</strong></span> <span class='ocrx_word' id='word_1_322' title='bbox 805 2028 995 2092; x_wconf 88' lang='lat' dir='ltr'><strong>interpolatio·</strong></span> <span class='ocrx_word' id='word_1_323' title='bbox 1021 2029 1105 2078; x_wconf 86' lang='lat' dir='ltr'><strong>vertit</strong></span> <span class='ocrx_word' id='word_1_324' title='bbox 1117 2027 1200 2077; x_wconf 91' lang='lat' dir='ltr'><strong>schol.</strong></span> <span class='ocrx_word' id='word_1_325' title='bbox 1217 2026 1252 2076; x_wconf 89' lang='lat' dir='ltr'><strong>ad</strong></span> <span class='ocrx_word' id='word_1_326' title='bbox 1265 2027 1385 2091; x_wconf 86' lang='lat' dir='ltr'><strong>Choaph.</strong></span> <span class='ocrx_word' id='word_1_327' title='bbox 1397 2027 1455 2077; x_wconf 85' lang='grc'>899.</span> <span class='ocrx_word' id='word_1_328' title='bbox 1474 2023 1693 2089; x_wconf 86' lang='grc' dir='ltr'>μετεσκεύασται</span> <span class='ocrx_word' id='word_1_329' title='bbox 1710 2025 1850 2089; x_wconf 77' lang='grc' dir='ltr'>όὲξάγγε-</span> 
     </span>
     <span class='ocr_line' id='line_1_24' title="bbox 162 2087 1848 2160; baseline 0.002 -17"><span class='ocrx_word' id='word_1_330' title='bbox 162 2109 214 2146; x_wconf 90' lang='lat' dir='ltr'><strong>nes</strong></span> <span class='ocrx_word' id='word_1_331' title='bbox 227 2093 328 2159; x_wconf 90' lang='lat' dir='ltr'><strong>partim</strong></span> <span class='ocrx_word' id='word_1_332' title='bbox 341 2097 468 2160; x_wconf 88' lang='lat' dir='ltr'><strong>antiquae</strong></span> <span class='ocrx_word' id='word_1_333' title='bbox 480 2097 580 2160; x_wconf 89' lang='lat' dir='ltr'><strong>partini</strong></span> <span class='ocrx_word' id='word_1_334' title='bbox 592 2096 723 2146; x_wconf 89' lang='lat' dir='ltr'><strong>novitiae.</strong></span> <span class='ocrx_word' id='word_1_335' title='bbox 1021 2097 1069 2156; x_wconf 90' lang='grc' dir='ltr'><strong>λος</strong></span> <span class='ocrx_word' id='word_1_336' title='bbox 1081 2093 1120 2156; x_wconf 71' lang='grc' dir='ltr'>εἰς</span> <span class='ocrx_word' id='word_1_337' title='bbox 1132 2092 1275 2158; x_wconf 81' lang='grc' dir='ltr'>Πυλάδην,</span> <span class='ocrx_word' id='word_1_338' title='bbox 1288 2091 1335 2144; x_wconf 85' lang='lat' dir='ltr'><strong>lvo</strong></span> <span class='ocrx_word' id='word_1_339' title='bbox 1347 2093 1384 2158; x_wconf 86' lang='grc' dir='ltr'><strong>μή</strong></span> <span class='ocrx_word' id='word_1_340' title='bbox 1397 2087 1420 2144; x_wconf 91' lang='grc' dir='ltr'><strong>δ’</strong></span> <span class='ocrx_word' id='word_1_341' title='bbox 1433 2091 1560 2156; x_wconf 85' lang='grc' dir='ltr'>λέγωσιν.</span> <span class='ocrx_word' id='word_1_342' title='bbox 1595 2094 1770 2159; x_wconf 89' lang='lat' dir='ltr'><strong>Antiquiores</strong></span> <span class='ocrx_word' id='word_1_343' title='bbox 1782 2111 1848 2147; x_wconf 91' lang='lat' dir='ltr'><strong>vero</strong></span> 
     </span>
    </p>
   </div>
   <div class='ocr_carea' id='block_1_4' title="bbox 162 2161 1961 2306">
    <p class='ocr_par' dir='ltr' id='par_1_4' title="bbox 162 2161 1961 2306">
     <span class='ocr_line' id='line_1_25' title="bbox 216 2161 1961 2238; baseline 0 -26"><span class='ocrx_word' id='word_1_344' title='bbox 216 2170 445 2236; x_wconf 60' lang='lat' dir='ltr'><strong>leventaquibui</strong></span> <span class='ocrx_word' id='word_1_345' title='bbox 459 2171 610 2238; x_wconf 69' lang='lat' dir='ltr'><strong>Aeschylus</strong></span> <span class='ocrx_word' id='word_1_346' title='bbox 627 2173 797 2237; x_wconf 68' lang='lat' dir='ltr'><strong>tragoediam</strong></span> <span class='ocrx_word' id='word_1_347' title='bbox 816 2172 851 2222; x_wconf 75' lang='lat' dir='ltr'><strong>ad</strong></span> <span class='ocrx_word' id='word_1_348' title='bbox 869 2173 994 2237; x_wconf 59' lang='lat' dir='ltr'><strong>maiorem</strong></span> <span class='ocrx_word' id='word_1_349' title='bbox 1022 2163 1151 2226; x_wconf 87' lang='lat' dir='ltr'><strong>Aeschyli</strong></span> <span class='ocrx_word' id='word_1_350' title='bbox 1171 2162 1285 2214; x_wconf 79' lang='lat' dir='ltr'><strong>fabulae</strong></span> <span class='ocrx_word' id='word_1_351' title='bbox 1305 2163 1349 2213; x_wconf 90' lang='lat' dir='ltr'><strong>vel</strong></span> <span class='ocrx_word' id='word_1_352' title='bbox 1371 2163 1405 2213; x_wconf 89' lang='lat' dir='ltr'><strong>ab</strong></span> <span class='ocrx_word' id='word_1_353' title='bbox 1429 2161 1534 2212; x_wconf 87' lang='lat' dir='ltr'><strong>duobus</strong></span> <span class='ocrx_word' id='word_1_354' title='bbox 1555 2167 1662 2212; x_wconf 89' lang='lat' dir='ltr'><strong>tantuin</strong></span> <span class='ocrx_word' id='word_1_355' title='bbox 1682 2169 1761 2214; x_wconf 87' lang='lat' dir='ltr'><strong>actae</strong></span> <span class='ocrx_word' id='word_1_356' title='bbox 1786 2169 1851 2214; x_wconf 89' lang='lat' dir='ltr'><strong>sunt</strong></span> <span class='ocrx_word' id='word_1_357' title='bbox 1951 2209 1961 2234; x_wconf 38' lang='grc' dir='ltr'><strong>Ι,</strong></span> 
     </span>
     <span class='ocr_line' id='line_1_26' title="bbox 162 2228 1956 2306; baseline -0.001 -16"><span class='ocrx_word' id='word_1_358' title='bbox 162 2239 366 2304; x_wconf 85' lang='lat' dir='ltr'><strong>perfectionem</strong></span> <span class='ocrx_word' id='word_1_359' title='bbox 387 2239 533 2290; x_wconf 87' lang='lat' dir='ltr'><strong>adduxerit</strong></span> <span class='ocrx_word' id='word_1_360' title='bbox 555 2247 582 2292; x_wconf 89' lang='lat' dir='ltr'><strong>et</strong></span> <span class='ocrx_word' id='word_1_361' title='bbox 599 2247 762 2306; x_wconf 87' lang='lat' dir='ltr'><strong>apparatum</strong></span> <span class='ocrx_word' id='word_1_362' title='bbox 780 2242 917 2291; x_wconf 91' lang='lat' dir='ltr'><strong>scenicum</strong></span> <span class='ocrx_word' id='word_1_363' title='bbox 938 2258 995 2291; x_wconf 87' lang='lat' dir='ltr'><strong>am·</strong></span> <span class='ocrx_word' id='word_1_364' title='bbox 1022 2232 1173 2294; x_wconf 66' lang='lat' dir='ltr'><strong>actoribus,</strong></span> <span class='ocrx_word' id='word_1_365' title='bbox 1198 2236 1229 2281; x_wconf 93' lang='lat' dir='ltr'><strong>ut</strong></span> <span class='ocrx_word' id='word_1_366' title='bbox 1253 2230 1397 2295; x_wconf 72' lang='lat' dir='ltr'><strong>Supplices</strong></span> <span class='ocrx_word' id='word_1_367' title='bbox 1421 2239 1448 2282; x_wconf 77' lang='lat' dir='ltr'><strong>et</strong></span> <span class='ocrx_word' id='word_1_368' title='bbox 1472 2229 1584 2297; x_wconf 84' lang='lat' dir='ltr'><strong>(olymp.</strong></span> <span class='ocrx_word' id='word_1_369' title='bbox 1608 2231 1653 2294; x_wconf 83' lang='grc'><strong>76,</strong></span> <span class='ocrx_word' id='word_1_370' title='bbox 1675 2228 1714 2294; x_wconf 86' lang='grc'>4.)</span> <span class='ocrx_word' id='word_1_371' title='bbox 1738 2231 1847 2292; x_wconf 87' lang='lat' dir='ltr'><strong>Persae,</strong></span> <span class='ocrx_word' id='word_1_372' title='bbox 1921 2257 1956 2288; x_wconf 70' lang='lat' dir='ltr'><strong>e.</strong></span> 
     </span>
    </p>
   </div>
   <div class='ocr_carea' id='block_1_5' title="bbox 161 2298 1852 3744">
    <p class='ocr_par' dir='ltr' id='par_1_5' title="bbox 161 2298 1852 3744">
     <span class='ocr_line' id='line_1_27' title="bbox 162 2298 1851 2373; baseline 0.004 -16"><span class='ocrx_word' id='word_1_373' title='bbox 162 2307 281 2372; x_wconf 86' lang='lat' dir='ltr'><strong>pliorem</strong></span> <span class='ocrx_word' id='word_1_374' title='bbox 294 2313 323 2358; x_wconf 89' lang='lat' dir='ltr'><strong>et</strong></span> <span class='ocrx_word' id='word_1_375' title='bbox 335 2307 549 2373; x_wconf 89' lang='lat' dir='ltr'><strong>splendidiorem</strong></span> <span class='ocrx_word' id='word_1_376' title='bbox 561 2308 721 2370; x_wconf 89' lang='lat' dir='ltr'><strong>reddiderit,</strong></span> <span class='ocrx_word' id='word_1_377' title='bbox 735 2309 995 2360; x_wconf 89' lang='lat' dir='ltr'><strong>enumcreruutbio·</strong></span> <span class='ocrx_word' id='word_1_378' title='bbox 1021 2300 1065 2350; x_wconf 74' lang='lat' dir='ltr'><strong>vel</strong></span> <span class='ocrx_word' id='word_1_379' title='bbox 1083 2301 1123 2350; x_wconf 62' lang='lat' dir='ltr'><strong>lla</strong></span> <span class='ocrx_word' id='word_1_380' title='bbox 1143 2303 1207 2350; x_wconf 62' lang='lat' dir='ltr'>³¹1¹st</span> <span class='ocrx_word' id='word_1_381' title='bbox 1224 2299 1392 2363; x_wconf 69' lang='lat' dir='ltr'><strong>0⁰¹1¹l³0⁸stae</strong></span> <span class='ocrx_word' id='word_1_382' title='bbox 1412 2303 1444 2349; x_wconf 68' lang='lat' dir='ltr'><strong>Ul</strong></span> <span class='ocrx_word' id='word_1_383' title='bbox 1460 2298 1527 2349; x_wconf 59' lang='lat' dir='ltr'><strong>licet</strong></span> <span class='ocrx_word' id='word_1_384' title='bbox 1544 2303 1599 2349; x_wconf 65' lang='lat' dir='ltr'><strong>Ares</strong></span> <span class='ocrx_word' id='word_1_385' title='bbox 1616 2298 1753 2348; x_wconf 60' lang='lat' dir='ltr'><strong>interdum</strong></span> <span class='ocrx_word' id='word_1_386' title='bbox 1770 2299 1851 2349; x_wconf 89' lang='lat' dir='ltr'><strong>simul</strong></span> 
     </span>
     <span class='ocr_line' id='line_1_28' title="bbox 162 2366 1850 2443; baseline 0.001 -26"><span class='ocrx_word' id='word_1_387' title='bbox 162 2375 286 2441; x_wconf 61' lang='lat' dir='ltr'><strong>graphas</strong></span> <span class='ocrx_word' id='word_1_388' title='bbox 299 2375 394 2441; x_wconf 62' lang='lat' dir='ltr'><strong>(supra</strong></span> <span class='ocrx_word' id='word_1_389' title='bbox 405 2391 430 2441; x_wconf 65' lang='lat' dir='ltr'><strong>p,</strong></span> <span class='ocrx_word' id='word_1_390' title='bbox 444 2379 468 2425; x_wconf 69' lang='grc' dir='ltr'><strong>χ,</strong></span> <span class='ocrx_word' id='word_1_391' title='bbox 482 2382 510 2427; x_wconf 69' lang='lat'><strong>0(</strong></span> <span class='ocrx_word' id='word_1_392' title='bbox 520 2375 557 2441; x_wconf 83' lang='grc'><strong>3,)</strong></span> <span class='ocrx_word' id='word_1_393' title='bbox 570 2376 727 2427; x_wconf 63' lang='lat' dir='ltr'><strong>Athenaeus</strong></span> <span class='ocrx_word' id='word_1_394' title='bbox 738 2379 761 2428; x_wconf 88' lang='grc'><strong>1,</strong></span> <span class='ocrx_word' id='word_1_395' title='bbox 774 2375 878 2442; x_wconf 48' lang='lat' dir='ltr'><strong>peu)</strong></span> <span class='ocrx_word' id='word_1_396' title='bbox 893 2377 994 2443; x_wconf 59' lang='lat' dir='ltr'><strong>aliique</strong></span> <span class='ocrx_word' id='word_1_397' title='bbox 1022 2368 1155 2434; x_wconf 87' lang='lat' dir='ltr'><strong>prodeant</strong></span> <span class='ocrx_word' id='word_1_398' title='bbox 1167 2382 1314 2432; x_wconf 89' lang='lat' dir='ltr'><strong>personae,</strong></span> <span class='ocrx_word' id='word_1_399' title='bbox 1333 2372 1425 2418; x_wconf 88' lang='lat' dir='ltr'><strong>tamen</strong></span> <span class='ocrx_word' id='word_1_400' title='bbox 1438 2367 1508 2418; x_wconf 88' lang='lat' dir='ltr'><strong>duae</strong></span> <span class='ocrx_word' id='word_1_401' title='bbox 1521 2371 1628 2418; x_wconf 88' lang='lat' dir='ltr'><strong>tantum</strong></span> <span class='ocrx_word' id='word_1_402' title='bbox 1639 2366 1713 2416; x_wconf 93' lang='lat' dir='ltr'><strong>inter</strong></span> <span class='ocrx_word' id='word_1_403' title='bbox 1724 2383 1754 2417; x_wconf 89' lang='lat' dir='ltr'><strong>se</strong></span> <span class='ocrx_word' id='word_1_404' title='bbox 1767 2368 1850 2418; x_wconf 92' lang='lat' dir='ltr'><strong>collo·</strong></span> 
     </span>
     <span class='ocr_line' id='line_1_29' title="bbox 161 2433 1850 2516; baseline 0.003 -22"><span class='ocrx_word' id='word_1_405' title='bbox 161 2445 323 2510; x_wconf 85' lang='lat' dir='ltr'><strong>scriptores,</strong></span> <span class='ocrx_word' id='word_1_406' title='bbox 338 2459 450 2508; x_wconf 89' lang='lat' dir='ltr'><strong>qnorum</strong></span> <span class='ocrx_word' id='word_1_407' title='bbox 461 2443 538 2496; x_wconf 88' lang='lat' dir='ltr'><strong>locos</strong></span> <span class='ocrx_word' id='word_1_408' title='bbox 551 2444 665 2510; x_wconf 88' lang='lat' dir='ltr'><strong>collegit</strong></span> <span class='ocrx_word' id='word_1_409' title='bbox 677 2454 706 2496; x_wconf 88' lang='lat' dir='ltr'><strong>et</strong></span> <span class='ocrx_word' id='word_1_410' title='bbox 718 2451 846 2496; x_wconf 86' lang='lat' dir='ltr'><strong>accurate</strong></span> <span class='ocrx_word' id='word_1_411' title='bbox 859 2446 995 2498; x_wconf 81' lang='lat' dir='ltr'><strong>examina·</strong></span> <span class='ocrx_word' id='word_1_412' title='bbox 1021 2443 1152 2502; x_wconf 84' lang='lat' dir='ltr'><strong>quantur,</strong></span> <span class='ocrx_word' id='word_1_413' title='bbox 1175 2439 1206 2485; x_wconf 62' lang='lat' dir='ltr'><strong>ut</strong></span> <span class='ocrx_word' id='word_1_414' title='bbox 1223 2437 1251 2485; x_wconf 67' lang='lat'><strong>51¹</strong></span> <span class='ocrx_word' id='word_1_415' title='bbox 1268 2435 1429 2516; x_wconf 59' lang='lat' dir='ltr'><strong>Pf⁰m⁸th5⁰</strong></span> <span class='ocrx_word' id='word_1_416' title='bbox 1447 2439 1476 2485; x_wconf 64' lang='lat' dir='ltr'><strong>et</strong></span> <span class='ocrx_word' id='word_1_417' title='bbox 1491 2433 1604 2514; x_wconf 65' lang='lat' dir='ltr'><strong>(⁰limll·</strong></span> <span class='ocrx_word' id='word_1_418' title='bbox 1623 2437 1668 2496; x_wconf 66' lang='lat'><strong>⁷82</strong></span> <span class='ocrx_word' id='word_1_419' title='bbox 1688 2434 1721 2498; x_wconf 85' lang='grc'><strong>1·)</strong></span> <span class='ocrx_word' id='word_1_420' title='bbox 1740 2435 1850 2515; x_wconf 55' lang='lat' dir='ltr'><strong>sellim?</strong></span> 
     </span>
     <span class='ocr_line' id='line_1_30' title="bbox 161 2502 1850 2568; baseline 0.005 -7"><span class='ocrx_word' id='word_1_421' title='bbox 161 2513 205 2561; x_wconf 90' lang='lat' dir='ltr'><strong>vit</strong></span> <span class='ocrx_word' id='word_1_422' title='bbox 225 2512 314 2562; x_wconf 88' lang='lat' dir='ltr'><strong>lulius</strong></span> <span class='ocrx_word' id='word_1_423' title='bbox 334 2509 581 2564; x_wconf 84' lang='lat' dir='ltr'><strong>Sommerbrodtius</strong></span> <span class='ocrx_word' id='word_1_424' title='bbox 602 2513 631 2562; x_wconf 93' lang='lat' dir='ltr'><strong>in</strong></span> <span class='ocrx_word' id='word_1_425' title='bbox 653 2511 937 2564; x_wconf 78' lang='lat' dir='ltr'><strong>commentationibus</strong></span> <span class='ocrx_word' id='word_1_426' title='bbox 961 2513 994 2564; x_wconf 90' lang='lat' dir='ltr'><strong>de</strong></span> <span class='ocrx_word' id='word_1_427' title='bbox 1021 2504 1189 2556; x_wconf 61' lang='lat' dir='ltr'><strong>adThebas·</strong></span> <span class='ocrx_word' id='word_1_428' title='bbox 1218 2502 1516 2568; x_wconf 63' lang='lat' dir='ltr'><strong>D⁰q¹¹³¹i0h¹⁸lfl⁰¹¹⁰</strong></span> <span class='ocrx_word' id='word_1_429' title='bbox 1532 2503 1670 2553; x_wconf 52' lang='lat' dir='ltr'><strong>”Midum</strong></span> <span class='ocrx_word' id='word_1_430' title='bbox 1687 2503 1850 2554; x_wconf 54' lang='grc' dir='ltr'><strong>θῑῧῐθθῐᾶῑ·</strong></span> 
     </span>
     <span class='ocr_line' id='line_1_31' title="bbox 161 2569 1849 2646; baseline 0 -26"><span class='ocrx_word' id='word_1_431' title='bbox 161 2578 297 2644; x_wconf 64' lang='lat' dir='ltr'><strong>Aeichyli</strong></span> <span class='ocrx_word' id='word_1_432' title='bbox 315 2596 343 2630; x_wconf 63' lang='grc' dir='ltr'><strong>ιθ</strong></span> <span class='ocrx_word' id='word_1_433' title='bbox 360 2581 471 2631; x_wconf 64' lang='lat' dir='ltr'><strong>scenica</strong></span> <span class='ocrx_word' id='word_1_434' title='bbox 487 2581 605 2646; x_wconf 73' lang='lat' dir='ltr'><strong>Lignitii</strong></span> <span class='ocrx_word' id='word_1_435' title='bbox 624 2597 648 2630; x_wconf 65' lang='lat' dir='ltr'><strong>a,</strong></span> <span class='ocrx_word' id='word_1_436' title='bbox 667 2582 740 2633; x_wconf 72' lang='grc'>1818,</span> <span class='ocrx_word' id='word_1_437' title='bbox 760 2586 789 2631; x_wconf 74' lang='lat' dir='ltr'><strong>et</strong></span> <span class='ocrx_word' id='word_1_438' title='bbox 806 2583 879 2635; x_wconf 70' lang='lat'><strong>1851,</strong></span> <span class='ocrx_word' id='word_1_439' title='bbox 902 2581 993 2646; x_wconf 61' lang='lat' dir='ltr'><strong>editis,</strong></span> <span class='ocrx_word' id='word_1_440' title='bbox 1020 2587 1082 2623; x_wconf 89' lang='lat' dir='ltr'><strong>nem</strong></span> <span class='ocrx_word' id='word_1_441' title='bbox 1095 2571 1220 2622; x_wconf 91' lang='lat' dir='ltr'><strong>adhibito</strong></span> <span class='ocrx_word' id='word_1_442' title='bbox 1233 2569 1849 2634; x_wconf 76' lang='lat' dir='ltr'><strong>valdeconfusasuntverbaPolluois4,110.</strong></span> 
     </span>
     <span class='ocr_line' id='line_1_32' title="bbox 163 2636 1850 2716; baseline 0.002 -19"><span class='ocrx_word' id='word_1_443' title='bbox 163 2651 251 2707; x_wconf 89' lang='lat' dir='ltr'><strong>recte,</strong></span> <span class='ocrx_word' id='word_1_444' title='bbox 263 2652 295 2698; x_wconf 89' lang='lat' dir='ltr'><strong>ut</strong></span> <span class='ocrx_word' id='word_1_445' title='bbox 308 2648 411 2713; x_wconf 89' lang='lat' dir='ltr'><strong>opinor,</strong></span> <span class='ocrx_word' id='word_1_446' title='bbox 425 2648 553 2699; x_wconf 89' lang='lat' dir='ltr'><strong>iudicaris</strong></span> <span class='ocrx_word' id='word_1_447' title='bbox 567 2648 601 2712; x_wconf 92' lang='lat' dir='ltr'><strong>(l.</strong></span> <span class='ocrx_word' id='word_1_448' title='bbox 616 2665 641 2714; x_wconf 90' lang='lat' dir='ltr'><strong>p.</strong></span> <span class='ocrx_word' id='word_1_449' title='bbox 651 2649 740 2711; x_wconf 87' lang='lat' dir='ltr'><strong>XIll.)</strong></span> <span class='ocrx_word' id='word_1_450' title='bbox 753 2665 807 2700; x_wconf 91' lang='lat' dir='ltr'><strong>non</strong></span> <span class='ocrx_word' id='word_1_451' title='bbox 819 2651 911 2700; x_wconf 88' lang='lat' dir='ltr'><strong>omnia</strong></span> <span class='ocrx_word' id='word_1_452' title='bbox 924 2666 994 2716; x_wconf 90' lang='lat' dir='ltr'><strong>quae</strong></span> <span class='ocrx_word' id='word_1_453' title='bbox 1021 2641 1055 2690; x_wconf 67' lang='lat' dir='ltr'><strong>ad</strong></span> <span class='ocrx_word' id='word_1_454' title='bbox 1074 2641 1169 2705; x_wconf 63' lang='lat' dir='ltr'><strong>fragm·</strong></span> <span class='ocrx_word' id='word_1_455' title='bbox 1185 2641 1233 2689; x_wconf 74' lang='lat'><strong>12⁷</strong></span> <span class='ocrx_word' id='word_1_456' title='bbox 1247 2655 1273 2688; x_wconf 62' lang='grc' dir='ltr'><strong>Β·</strong></span> <span class='ocrx_word' id='word_1_457' title='bbox 1295 2655 1321 2704; x_wconf 80' lang='lat' dir='ltr'><strong>P·</strong></span> <span class='ocrx_word' id='word_1_458' title='bbox 1342 2639 1398 2690; x_wconf 77' lang='lat'>10⁸·</span> <span class='ocrx_word' id='word_1_459' title='bbox 1420 2639 1454 2689; x_wconf 59' lang='lat' dir='ltr'><strong>Ab</strong></span> <span class='ocrx_word' id='word_1_460' title='bbox 1473 2654 1515 2689; x_wconf 71' lang='lat'><em>¹1²0</em></span> <span class='ocrx_word' id='word_1_461' title='bbox 1535 2639 1673 2705; x_wconf 65' lang='lat' dir='ltr'><strong>aPli⁰⁵il⁵²i</strong></span> <span class='ocrx_word' id='word_1_462' title='bbox 1692 2636 1782 2689; x_wconf 69' lang='grc' dir='ltr'>ὁπότε</span> <span class='ocrx_word' id='word_1_463' title='bbox 1795 2638 1850 2703; x_wconf 69' lang='grc' dir='ltr'>μὴν</span> 
     </span>
     <span class='ocr_line' id='line_1_33' title="bbox 161 2703 1850 2788; baseline 0.003 -23"><span class='ocrx_word' id='word_1_464' title='bbox 161 2717 193 2766; x_wconf 90' lang='lat' dir='ltr'><strong>in</strong></span> <span class='ocrx_word' id='word_1_465' title='bbox 207 2715 386 2780; x_wconf 83' lang='lat' dir='ltr'><strong>Aeschylum,</strong></span> <span class='ocrx_word' id='word_1_466' title='bbox 400 2719 463 2782; x_wconf 90' lang='lat' dir='ltr'><strong>quia</strong></span> <span class='ocrx_word' id='word_1_467' title='bbox 476 2718 544 2768; x_wconf 88' lang='lat' dir='ltr'><strong>artis</strong></span> <span class='ocrx_word' id='word_1_468' title='bbox 557 2718 681 2782; x_wconf 87' lang='lat' dir='ltr'><strong>tragicae</strong></span> <span class='ocrx_word' id='word_1_469' title='bbox 695 2718 994 2783; x_wconf 88' lang='lat' dir='ltr'><strong>princepshabehatur,</strong></span> <span class='ocrx_word' id='word_1_470' title='bbox 1020 2707 1084 2759; x_wconf 72' lang='lat' dir='ltr'><strong>nort</strong></span> <span class='ocrx_word' id='word_1_471' title='bbox 1095 2705 1233 2771; x_wconf 62' lang='lat' dir='ltr'><strong>&#39;‘Eidiiwii</strong></span> <span class='ocrx_word' id='word_1_472' title='bbox 1250 2705 1402 2787; x_wconf 64' lang='grc' dir='ltr'><strong>ὕποκβῑζΐθῦ</strong></span> <span class='ocrx_word' id='word_1_473' title='bbox 1420 2703 1477 2757; x_wconf 67' lang='grc' dir='ltr'><strong>δέθῑ</strong></span> <span class='ocrx_word' id='word_1_474' title='bbox 1493 2705 1557 2788; x_wconf 57' lang='lat' dir='ltr'><strong>{wil</strong></span> <span class='ocrx_word' id='word_1_475' title='bbox 1573 2708 1634 2757; x_wconf 67' lang='grc' dir='ltr'><strong>Τῶν</strong></span> <span class='ocrx_word' id='word_1_476' title='bbox 1651 2707 1796 2770; x_wconf 65' lang='lat' dir='ltr'><strong>ii⁰i³⁶¹fflilli</strong></span> <span class='ocrx_word' id='word_1_477' title='bbox 1814 2705 1850 2757; x_wconf 67' lang='grc' dir='ltr'><strong>Εἷ-</strong></span> 
     </span>
     <span class='ocr_line' id='line_1_34' title="bbox 161 2771 1851 2858; baseline 0.001 -23"><span class='ocrx_word' id='word_1_478' title='bbox 161 2783 268 2835; x_wconf 91' lang='lat' dir='ltr'><strong>collata</strong></span> <span class='ocrx_word' id='word_1_479' title='bbox 280 2785 335 2835; x_wconf 87' lang='lat' dir='ltr'><strong>sint</strong></span> <span class='ocrx_word' id='word_1_480' title='bbox 346 2785 433 2850; x_wconf 86' lang='lat' dir='ltr'><strong>ipsius</strong></span> <span class='ocrx_word' id='word_1_481' title='bbox 446 2785 525 2850; x_wconf 90' lang='lat' dir='ltr'><strong>primi</strong></span> <span class='ocrx_word' id='word_1_482' title='bbox 543 2789 570 2835; x_wconf 89' lang='lat' dir='ltr'><strong>et</strong></span> <span class='ocrx_word' id='word_1_483' title='bbox 583 2785 668 2836; x_wconf 89' lang='lat' dir='ltr'><strong>solius</strong></span> <span class='ocrx_word' id='word_1_484' title='bbox 685 2787 800 2836; x_wconf 86' lang='lat' dir='ltr'><strong>inventa</strong></span> <span class='ocrx_word' id='word_1_485' title='bbox 815 2801 885 2838; x_wconf 89' lang='lat' dir='ltr'><strong>esse.</strong></span> <span class='ocrx_word' id='word_1_486' title='bbox 919 2786 994 2836; x_wconf 88' lang='lat' dir='ltr'><strong>Idem</strong></span> <span class='ocrx_word' id='word_1_487' title='bbox 1020 2779 1085 2827; x_wconf 69' lang='grc' dir='ltr'>πεῖν</span> <span class='ocrx_word' id='word_1_488' title='bbox 1097 2774 1128 2826; x_wconf 62' lang='grc' dir='ltr'><strong>ἓν</strong></span> <span class='ocrx_word' id='word_1_489' title='bbox 1141 2774 1215 2840; x_wconf 64' lang='grc' dir='ltr'>ᾠδάν</span> <span class='ocrx_word' id='word_1_490' title='bbox 1232 2785 1425 2858; x_wconf 58' lang='grc' dir='ltr'>παρήΰκηνῑθν</span> <span class='ocrx_word' id='word_1_491' title='bbox 1437 2774 1561 2825; x_wconf 53' lang='lat' dir='ltr'><strong>“Ultimi</strong></span> <span class='ocrx_word' id='word_1_492' title='bbox 1572 2773 1607 2824; x_wconf 70' lang='grc' dir='ltr'><strong>τὸ</strong></span> <span class='ocrx_word' id='word_1_493' title='bbox 1622 2775 1749 2858; x_wconf 66' lang='grc' dir='ltr'>πῆᾶῖμαι</span> <span class='ocrx_word' id='word_1_494' title='bbox 1767 2771 1806 2857; x_wconf 62' lang='grc' dir='ltr'><strong>ψ(</strong></span> <span class='ocrx_word' id='word_1_495' title='bbox 1819 2772 1851 2826; x_wconf 64' lang='grc' dir='ltr'>ἐν</span> 
     </span>
     <span class='ocr_line' id='line_1_35' title="bbox 162 2839 1851 2923; baseline 0.001 -20"><span class='ocrx_word' id='word_1_496' title='bbox 162 2853 225 2903; x_wconf 85' lang='lat' dir='ltr'><strong>iere</strong></span> <span class='ocrx_word' id='word_1_497' title='bbox 244 2852 332 2904; x_wconf 88' lang='lat' dir='ltr'><strong>sensit</strong></span> <span class='ocrx_word' id='word_1_498' title='bbox 349 2853 542 2918; x_wconf 87' lang='lat' dir='ltr'><strong>grammaticus</strong></span> <span class='ocrx_word' id='word_1_499' title='bbox 560 2854 684 2919; x_wconf 86' lang='lat' dir='ltr'><strong>ignotus,</strong></span> <span class='ocrx_word' id='word_1_500' title='bbox 703 2855 780 2905; x_wconf 89' lang='lat' dir='ltr'><strong>cuius</strong></span> <span class='ocrx_word' id='word_1_501' title='bbox 796 2855 882 2905; x_wconf 87' lang='lat' dir='ltr'><strong>verba</strong></span> <span class='ocrx_word' id='word_1_502' title='bbox 901 2869 934 2905; x_wconf 83' lang='lat' dir='ltr'><strong>ex</strong></span> <span class='ocrx_word' id='word_1_503' title='bbox 952 2871 995 2906; x_wconf 87' lang='lat' dir='ltr'><strong>co·</strong></span> <span class='ocrx_word' id='word_1_504' title='bbox 1022 2842 1205 2906; x_wconf 64' lang='grc' dir='ltr'>Ἀΐαμέμνθνῑ</span> <span class='ocrx_word' id='word_1_505' title='bbox 1226 2839 1379 2907; x_wconf 64' lang='grc' dir='ltr'>ΑῘσλῦᾸθΨ</span> <span class='ocrx_word' id='word_1_506' title='bbox 1403 2839 1427 2893; x_wconf 62' lang='lat' dir='ltr'><strong>‘l</strong></span> <span class='ocrx_word' id='word_1_507' title='bbox 1447 2840 1478 2892; x_wconf 63' lang='grc' dir='ltr'><strong>δὲ</strong></span> <span class='ocrx_word' id='word_1_508' title='bbox 1493 2840 1626 2923; x_wconf 54' lang='lat' dir='ltr'><strong>‘filimi</strong></span> <span class='ocrx_word' id='word_1_509' title='bbox 1649 2855 1803 2906; x_wconf 67' lang='grc' dir='ltr'>υπθκβῑῒης</span> <span class='ocrx_word' id='word_1_510' title='bbox 1822 2856 1851 2892; x_wconf 82' lang='lat' dir='ltr'><strong>&#39;ti</strong></span> 
     </span>
     <span class='ocr_line' id='line_1_36' title="bbox 161 2905 1850 2992; baseline -0.005 -24"><span class='ocrx_word' id='word_1_511' title='bbox 161 2920 227 2970; x_wconf 89' lang='lat' dir='ltr'><strong>dice</strong></span> <span class='ocrx_word' id='word_1_512' title='bbox 244 2919 370 2971; x_wconf 87' lang='lat' dir='ltr'><strong>Parisino</strong></span> <span class='ocrx_word' id='word_1_513' title='bbox 388 2923 462 2972; x_wconf 74' lang='lat'><strong>2720.</strong></span> <span class='ocrx_word' id='word_1_514' title='bbox 481 2921 568 2971; x_wconf 89' lang='lat' dir='ltr'><strong>edidit</strong></span> <span class='ocrx_word' id='word_1_515' title='bbox 586 2921 731 2972; x_wconf 79' lang='lat' dir='ltr'><strong>cromerus</strong></span> <span class='ocrx_word' id='word_1_516' title='bbox 748 2922 776 2970; x_wconf 89' lang='lat' dir='ltr'><strong>in</strong></span> <span class='ocrx_word' id='word_1_517' title='bbox 793 2921 894 2973; x_wconf 87' lang='lat' dir='ltr'><strong>Anecd.</strong></span> <span class='ocrx_word' id='word_1_518' title='bbox 908 2923 994 2972; x_wconf 87' lang='lat' dir='ltr'><strong>Paris.</strong></span> <span class='ocrx_word' id='word_1_519' title='bbox 1020 2909 1262 2977; x_wconf 82' lang='grc' dir='ltr'>παραφθέγξαιτο,</span> <span class='ocrx_word' id='word_1_520' title='bbox 1278 2913 1366 2961; x_wconf 80' lang='grc' dir='ltr'>τοῦτο</span> <span class='ocrx_word' id='word_1_521' title='bbox 1379 2924 1601 2975; x_wconf 84' lang='grc' dir='ltr'>ταραχορηγημα</span> <span class='ocrx_word' id='word_1_522' title='bbox 1613 2905 1786 2992; x_wconf 76' lang='grc' dir='ltr'>ὀνομάζεται,</span> <span class='ocrx_word' id='word_1_523' title='bbox 1805 2910 1850 2991; x_wconf 81' lang='grc' dir='ltr'>καλ</span> 
     </span>
     <span class='ocr_line' id='line_1_37' title="bbox 162 2975 1851 3056; baseline 0.002 -18"><span class='ocrx_word' id='word_1_524' title='bbox 162 2987 218 3038; x_wconf 88' lang='lat' dir='ltr'><strong>vol.</strong></span> <span class='ocrx_word' id='word_1_525' title='bbox 234 2990 256 3038; x_wconf 88' lang='lat'><strong>1.</strong></span> <span class='ocrx_word' id='word_1_526' title='bbox 271 3005 297 3054; x_wconf 90' lang='lat' dir='ltr'><strong>p.</strong></span> <span class='ocrx_word' id='word_1_527' title='bbox 310 2991 349 3041; x_wconf 80' lang='grc'>19.</span> <span class='ocrx_word' id='word_1_528' title='bbox 365 2990 410 3054; x_wconf 90' lang='lat' dir='ltr'><strong>qui</strong></span> <span class='ocrx_word' id='word_1_529' title='bbox 424 2989 557 3054; x_wconf 80' lang='lat' dir='ltr'><strong>expositis</strong></span> <span class='ocrx_word' id='word_1_530' title='bbox 570 2990 668 3055; x_wconf 88' lang='lat' dir='ltr'><strong>quibus</strong></span> <span class='ocrx_word' id='word_1_531' title='bbox 681 2996 843 3056; x_wconf 89' lang='lat' dir='ltr'><strong>apparatum</strong></span> <span class='ocrx_word' id='word_1_532' title='bbox 857 2991 995 3041; x_wconf 90' lang='lat' dir='ltr'><strong>scenicum</strong></span> <span class='ocrx_word' id='word_1_533' title='bbox 1021 2975 1179 3045; x_wconf 61' lang='grc' dir='ltr'>πεπνᾶλθαῖ</span> <span class='ocrx_word' id='word_1_534' title='bbox 1195 2991 1283 3044; x_wconf 68' lang='grc' dir='ltr'>Φασῑν</span> <span class='ocrx_word' id='word_1_535' title='bbox 1294 2977 1364 3030; x_wconf 62' lang='grc' dir='ltr'>αὐτὸ</span> <span class='ocrx_word' id='word_1_536' title='bbox 1381 2977 1412 3030; x_wconf 64' lang='grc' dir='ltr'>ἐν</span> <span class='ocrx_word' id='word_1_537' title='bbox 1426 2977 1550 3042; x_wconf 65' lang='grc' dir='ltr'>Μέμνθνῑ</span> <span class='ocrx_word' id='word_1_538' title='bbox 1562 2975 1709 3042; x_wconf 71' lang='lat' dir='ltr'><strong>Alexiroe.</strong></span> <span class='ocrx_word' id='word_1_539' title='bbox 1733 2993 1804 3042; x_wconf 62' lang='lat'><strong>‘1³⁸0</strong></span> <span class='ocrx_word' id='word_1_540' title='bbox 1821 2995 1851 3028; x_wconf 74' lang='lat'><strong>1¹¹</strong></span> 
     </span>
     <span class='ocr_line' id='line_1_38' title="bbox 161 3047 1850 3124; baseline -0.001 -27"><span class='ocrx_word' id='word_1_541' title='bbox 161 3056 318 3122; x_wconf 59' lang='lat' dir='ltr'><strong>Aeschylus</strong></span> <span class='ocrx_word' id='word_1_542' title='bbox 328 3057 435 3107; x_wconf 62' lang='lat' dir='ltr'><strong>auxerit</strong></span> <span class='ocrx_word' id='word_1_543' title='bbox 444 3057 572 3120; x_wconf 64' lang='lat' dir='ltr'><strong>inventis,</strong></span> <span class='ocrx_word' id='word_1_544' title='bbox 587 3053 612 3108; x_wconf 69' lang='grc' dir='ltr'><strong>εἰ</strong></span> <span class='ocrx_word' id='word_1_545' title='bbox 622 3057 673 3120; x_wconf 71' lang='grc' dir='ltr'>μὲν</span> <span class='ocrx_word' id='word_1_546' title='bbox 682 3055 716 3122; x_wconf 76' lang='grc' dir='ltr'><strong>δὴ</strong></span> <span class='ocrx_word' id='word_1_547' title='bbox 726 3053 820 3110; x_wconf 65' lang='grc' dir='ltr'>πάντα</span> <span class='ocrx_word' id='word_1_548' title='bbox 832 3072 882 3120; x_wconf 68' lang='grc' dir='ltr'>τις,</span> <span class='ocrx_word' id='word_1_549' title='bbox 894 3059 994 3124; x_wconf 59' lang='lat' dir='ltr'><strong>inquit,</strong></span> <span class='ocrx_word' id='word_1_550' title='bbox 1021 3049 1143 3099; x_wconf 89' lang='lat' dir='ltr'><strong>ordinem</strong></span> <span class='ocrx_word' id='word_1_551' title='bbox 1156 3048 1330 3098; x_wconf 87' lang='lat' dir='ltr'><strong>tolerabilem</strong></span> <span class='ocrx_word' id='word_1_552' title='bbox 1346 3047 1472 3112; x_wconf 88' lang='lat' dir='ltr'><strong>redigere</strong></span> <span class='ocrx_word' id='word_1_553' title='bbox 1489 3051 1603 3098; x_wconf 89' lang='lat' dir='ltr'><strong>conatus</strong></span> <span class='ocrx_word' id='word_1_554' title='bbox 1620 3051 1663 3097; x_wconf 90' lang='lat' dir='ltr'><strong>est</strong></span> <span class='ocrx_word' id='word_1_555' title='bbox 1675 3047 1850 3097; x_wconf 89' lang='lat' dir='ltr'><strong>Hermanuus</strong></span> 
     </span>
     <span class='ocr_line' id='line_1_39' title="bbox 162 3111 1851 3198; baseline -0.001 -33"><span class='ocrx_word' id='word_1_556' title='bbox 162 3121 298 3192; x_wconf 75' lang='grc' dir='ltr'>ΑΙσχύλψ</span> <span class='ocrx_word' id='word_1_557' title='bbox 312 3123 443 3187; x_wconf 77' lang='grc' dir='ltr'>βούλεται</span> <span class='ocrx_word' id='word_1_558' title='bbox 454 3123 491 3176; x_wconf 80' lang='grc' dir='ltr'>τὰ</span> <span class='ocrx_word' id='word_1_559' title='bbox 500 3124 564 3189; x_wconf 79' lang='grc' dir='ltr'>περὶ</span> <span class='ocrx_word' id='word_1_560' title='bbox 575 3126 629 3190; x_wconf 80' lang='grc' dir='ltr'><strong>τὴν</strong></span> <span class='ocrx_word' id='word_1_561' title='bbox 638 3125 746 3190; x_wconf 76' lang='grc' dir='ltr'>σκηνὴν</span> <span class='ocrx_word' id='word_1_562' title='bbox 756 3125 900 3191; x_wconf 76' lang='grc' dir='ltr'>εὑρήματα</span> <span class='ocrx_word' id='word_1_563' title='bbox 909 3137 995 3190; x_wconf 81' lang='grc' dir='ltr'>προσ.</span> <span class='ocrx_word' id='word_1_564' title='bbox 1022 3117 1122 3182; x_wconf 68' lang='lat' dir='ltr'><strong>Opust).</strong></span> <span class='ocrx_word' id='word_1_565' title='bbox 1136 3115 1190 3166; x_wconf 82' lang='lat' dir='ltr'><strong>vol.</strong></span> <span class='ocrx_word' id='word_1_566' title='bbox 1202 3117 1224 3166; x_wconf 91' lang='lat' dir='ltr'><strong>l.</strong></span> <span class='ocrx_word' id='word_1_567' title='bbox 1237 3132 1262 3181; x_wconf 85' lang='lat' dir='ltr'><strong>p.</strong></span> <span class='ocrx_word' id='word_1_568' title='bbox 1273 3117 1330 3166; x_wconf 68' lang='grc'>346.</span> <span class='ocrx_word' id='word_1_569' title='bbox 1343 3113 1395 3166; x_wconf 80' lang='lat' dir='ltr'><strong>lioe</strong></span> <span class='ocrx_word' id='word_1_570' title='bbox 1408 3114 1496 3177; x_wconf 81' lang='lat' dir='ltr'><strong>modo,</strong></span> <span class='ocrx_word' id='word_1_571' title='bbox 1510 3112 1600 3166; x_wconf 77' lang='lat' dir='ltr'><strong>dedra</strong></span> <span class='ocrx_word' id='word_1_572' title='bbox 1613 3112 1663 3176; x_wconf 71' lang='grc' dir='ltr'>μὲν</span> <span class='ocrx_word' id='word_1_573' title='bbox 1673 3113 1783 3166; x_wconf 73' lang='grc' dir='ltr'>ἔσωθεν</span> <span class='ocrx_word' id='word_1_574' title='bbox 1792 3111 1851 3198; x_wconf 57' lang='lat' dir='ltr'><strong>dibi</strong></span> 
     </span>
     <span class='ocr_line' id='line_1_40' title="bbox 161 3179 1849 3266; baseline 0.002 -24"><span class='ocrx_word' id='word_1_575' title='bbox 161 3191 306 3256; x_wconf 85' lang='grc' dir='ltr'>νέμειν-</span> <span class='ocrx_word' id='word_1_576' title='bbox 322 3191 369 3244; x_wconf 84' lang='grc' dir='ltr'>καὶ</span> <span class='ocrx_word' id='word_1_577' title='bbox 384 3193 541 3258; x_wconf 80' lang='grc' dir='ltr'>ὑποκριτὴν</span> <span class='ocrx_word' id='word_1_578' title='bbox 558 3191 604 3244; x_wconf 81' lang='grc' dir='ltr'><strong>ἐπὶ</strong></span> <span class='ocrx_word' id='word_1_579' title='bbox 619 3196 662 3258; x_wconf 76' lang='grc' dir='ltr'>τῷ</span> <span class='ocrx_word' id='word_1_580' title='bbox 680 3191 803 3260; x_wconf 81' lang='grc' dir='ltr'>δευτέρῳ</span> <span class='ocrx_word' id='word_1_581' title='bbox 819 3194 872 3246; x_wconf 90' lang='grc' dir='ltr'><strong>τόν</strong></span> <span class='ocrx_word' id='word_1_582' title='bbox 888 3192 994 3258; x_wconf 82' lang='grc' dir='ltr'>τρίτον,</span> <span class='ocrx_word' id='word_1_583' title='bbox 1021 3183 1098 3246; x_wconf 55' lang='lat' dir='ltr'><strong>wilt</strong></span> <span class='ocrx_word' id='word_1_584' title='bbox 1114 3185 1174 3235; x_wconf 69' lang='grc' dir='ltr'>Τῶν</span> <span class='ocrx_word' id='word_1_585' title='bbox 1191 3184 1335 3248; x_wconf 54' lang='lat' dir='ltr'><strong>&gt;diiambi</strong></span> <span class='ocrx_word' id='word_1_586' title='bbox 1353 3179 1442 3233; x_wconf 64' lang='grc' dir='ltr'>ΕῙπΕῑν</span> <span class='ocrx_word' id='word_1_587' title='bbox 1453 3180 1570 3266; x_wconf 46' lang='lat' dir='ltr'><strong>&amp;lstimir</strong></span> <span class='ocrx_word' id='word_1_588' title='bbox 1587 3183 1675 3264; x_wconf 56' lang='lat'><strong>‘9⁰10</strong></span> <span class='ocrx_word' id='word_1_589' title='bbox 1690 3195 1849 3246; x_wconf 75' lang='lat' dir='ltr'><strong>eopuxopn-</strong></span> 
     </span>
     <span class='ocr_line' id='line_1_41' title="bbox 161 3247 1852 3334; baseline 0.001 -24"><span class='ocrx_word' id='word_1_590' title='bbox 161 3261 179 3324; x_wconf 89' lang='grc' dir='ltr'>ή</span> <span class='ocrx_word' id='word_1_591' title='bbox 193 3260 242 3311; x_wconf 83' lang='grc' dir='ltr'>καὶ</span> <span class='ocrx_word' id='word_1_592' title='bbox 255 3259 403 3326; x_wconf 84' lang='grc' dir='ltr'>Σοφοκλῆς</span> <span class='ocrx_word' id='word_1_593' title='bbox 415 3261 492 3313; x_wconf 83' lang='grc' dir='ltr'>ἔστιν</span> <span class='ocrx_word' id='word_1_594' title='bbox 504 3259 522 3312; x_wconf 83' lang='grc' dir='ltr'>ἃ</span> <span class='ocrx_word' id='word_1_595' title='bbox 533 3260 647 3313; x_wconf 84' lang='grc' dir='ltr'>τούτων</span> <span class='ocrx_word' id='word_1_596' title='bbox 665 3261 937 3327; x_wconf 84' lang='grc' dir='ltr'>προσεμηχανήσατο</span> <span class='ocrx_word' id='word_1_597' title='bbox 950 3263 995 3314; x_wconf 85' lang='grc' dir='ltr'>καλ</span> <span class='ocrx_word' id='word_1_598' title='bbox 1021 3267 1097 3317; x_wconf 74' lang='lat' dir='ltr'><strong>mun</strong></span> <span class='ocrx_word' id='word_1_599' title='bbox 1108 3250 1247 3334; x_wconf 55' lang='grc' dir='ltr'><strong>ἑκαλέῑῒθζ</strong></span> <span class='ocrx_word' id='word_1_600' title='bbox 1262 3247 1286 3303; x_wconf 66' lang='grc' dir='ltr'><strong>Εἰ</strong></span> <span class='ocrx_word' id='word_1_601' title='bbox 1299 3249 1328 3302; x_wconf 70' lang='grc' dir='ltr'><strong>δὲ</strong></span> <span class='ocrx_word' id='word_1_602' title='bbox 1339 3249 1474 3332; x_wconf 61' lang='lat' dir='ltr'><strong>peropto&lt;</strong></span> <span class='ocrx_word' id='word_1_603' title='bbox 1484 3263 1638 3315; x_wconf 69' lang='grc' dir='ltr'>ὓπθκβῑῒης</span> <span class='ocrx_word' id='word_1_604' title='bbox 1649 3264 1676 3300; x_wconf 70' lang='grc' dir='ltr'><strong>ῒῑ</strong></span> <span class='ocrx_word' id='word_1_605' title='bbox 1689 3249 1852 3330; x_wconf 67' lang='grc' dir='ltr'>παραφθέϊς</span> 
     </span>
     <span class='ocr_line' id='line_1_42' title="bbox 162 3317 1851 3405; baseline 0.002 -26"><span class='ocrx_word' id='word_1_606' title='bbox 162 3330 368 3394; x_wconf 78' lang='grc' dir='ltr'>προσεξεῦρεν,</span> <span class='ocrx_word' id='word_1_607' title='bbox 386 3329 445 3381; x_wconf 84' lang='grc' dir='ltr'>ἔστι</span> <span class='ocrx_word' id='word_1_608' title='bbox 457 3333 517 3390; x_wconf 81' lang='grc' dir='ltr'>τοῖς</span> <span class='ocrx_word' id='word_1_609' title='bbox 529 3327 707 3393; x_wconf 85' lang='grc' dir='ltr'>βουλομένοις</span> <span class='ocrx_word' id='word_1_610' title='bbox 722 3329 795 3395; x_wconf 82' lang='grc' dir='ltr'>ὑπὲρ</span> <span class='ocrx_word' id='word_1_611' title='bbox 811 3330 927 3382; x_wconf 86' lang='grc' dir='ltr'>τούτων</span> <span class='ocrx_word' id='word_1_612' title='bbox 943 3328 995 3395; x_wconf 78' lang='grc' dir='ltr'>ἐρλ-</span> <span class='ocrx_word' id='word_1_613' title='bbox 1022 3321 1108 3384; x_wconf 60' lang='lat' dir='ltr'><strong>{We</strong></span> <span class='ocrx_word' id='word_1_614' title='bbox 1119 3332 1312 3405; x_wconf 65' lang='lat' dir='ltr'><strong>nopoosnsiov</strong></span> <span class='ocrx_word' id='word_1_615' title='bbox 1322 3317 1488 3370; x_wconf 66' lang='grc' dir='ltr'>καλεῑῖᾱῑῖῦ</span> <span class='ocrx_word' id='word_1_616' title='bbox 1498 3320 1620 3383; x_wconf 74' lang='lat' dir='ltr'><strong>opdriio.</strong></span> <span class='ocrx_word' id='word_1_617' title='bbox 1637 3317 1682 3369; x_wconf 66' lang='lat'><strong>²⁸⁰¹</strong></span> <span class='ocrx_word' id='word_1_618' title='bbox 1692 3319 1851 3400; x_wconf 62' lang='lat' dir='ltr'><strong>respexerit</strong></span> 
     </span>
     <span class='ocr_line' id='line_1_43' title="bbox 161 3383 1850 3468; baseline 0.002 -20"><span class='ocrx_word' id='word_1_619' title='bbox 161 3397 221 3450; x_wconf 86' lang='grc' dir='ltr'>Ζειν</span> <span class='ocrx_word' id='word_1_620' title='bbox 235 3397 280 3448; x_wconf 85' lang='grc' dir='ltr'>καλ</span> <span class='ocrx_word' id='word_1_621' title='bbox 293 3397 384 3449; x_wconf 83' lang='grc' dir='ltr'>ἕλκειν</span> <span class='ocrx_word' id='word_1_622' title='bbox 396 3396 441 3449; x_wconf 83' lang='grc' dir='ltr'><strong>ἐπ’</strong></span> <span class='ocrx_word' id='word_1_623' title='bbox 453 3395 540 3462; x_wconf 82' lang='grc' dir='ltr'>όμφω</span> <span class='ocrx_word' id='word_1_624' title='bbox 552 3398 606 3462; x_wconf 86' lang='grc' dir='ltr'><strong>τὴν</strong></span> <span class='ocrx_word' id='word_1_625' title='bbox 618 3397 717 3463; x_wconf 82' lang='grc' dir='ltr'>φήμην</span> <span class='ocrx_word' id='word_1_626' title='bbox 729 3401 781 3450; x_wconf 82' lang='grc' dir='ltr'>τοῦ</span> <span class='ocrx_word' id='word_1_627' title='bbox 794 3397 888 3462; x_wconf 89' lang='grc' dir='ltr'>λόγου.</span> <span class='ocrx_word' id='word_1_628' title='bbox 1022 3401 1109 3453; x_wconf 62' lang='lat' dir='ltr'><strong>ww</strong></span> <span class='ocrx_word' id='word_1_629' title='bbox 1121 3385 1191 3439; x_wconf 70' lang='grc' dir='ltr'>αὐτὸ</span> <span class='ocrx_word' id='word_1_630' title='bbox 1209 3386 1241 3468; x_wconf 61' lang='lat' dir='ltr'><strong>tls</strong></span> <span class='ocrx_word' id='word_1_631' title='bbox 1262 3385 1438 3468; x_wconf 69' lang='grc' dir='ltr'>Αϊαμέμνῢνῑ</span> <span class='ocrx_word' id='word_1_632' title='bbox 1455 3386 1515 3452; x_wconf 77' lang='grc' dir='ltr'>(Ρῐῡ</span> <span class='ocrx_word' id='word_1_633' title='bbox 1527 3383 1685 3466; x_wconf 60' lang='grc' dir='ltr'>Χνηφόνθῑς</span> <span class='ocrx_word' id='word_1_634' title='bbox 1696 3387 1850 3462; x_wconf 60' lang='grc'><strong>1101111110)</strong></span> 
     </span>
     <span class='ocr_line' id='line_1_44' title="bbox 204 3453 1816 3542; baseline -0.002 -19"><span class='ocrx_word' id='word_1_635' title='bbox 204 3474 339 3524; x_wconf 83' lang='lat' dir='ltr'><strong>Primaria</strong></span> <span class='ocrx_word' id='word_1_636' title='bbox 348 3473 478 3539; x_wconf 80' lang='lat' dir='ltr'><strong>Aeschyli</strong></span> <span class='ocrx_word' id='word_1_637' title='bbox 487 3475 602 3525; x_wconf 87' lang='lat' dir='ltr'><strong>inventa</strong></span> <span class='ocrx_word' id='word_1_638' title='bbox 611 3476 707 3539; x_wconf 88' lang='lat' dir='ltr'><strong>paucis</strong></span> <span class='ocrx_word' id='word_1_639' title='bbox 716 3477 808 3526; x_wconf 90' lang='lat' dir='ltr'><strong>verbis</strong></span> <span class='ocrx_word' id='word_1_640' title='bbox 819 3476 995 3542; x_wconf 89' lang='lat' dir='ltr'><strong>comprehen-</strong></span> <span class='ocrx_word' id='word_1_641' title='bbox 1022 3455 1179 3536; x_wconf 58' lang='lat' dir='ltr'><strong>Milii&#39;ldfflg</strong></span> <span class='ocrx_word' id='word_1_642' title='bbox 1203 3457 1343 3536; x_wconf 57' lang='lat' dir='ltr'><strong>Dffsssseflllt</strong></span> <span class='ocrx_word' id='word_1_643' title='bbox 1356 3453 1602 3536; x_wconf 69' lang='lat' dir='ltr'><strong>S⁰J¹¹1¹¹0¹bf⁰dl¹u⁸</strong></span> <span class='ocrx_word' id='word_1_644' title='bbox 1615 3457 1638 3504; x_wconf 72' lang='lat'><strong>²·</strong></span> <span class='ocrx_word' id='word_1_645' title='bbox 1650 3471 1675 3519; x_wconf 82' lang='lat' dir='ltr'><strong>P·</strong></span> <span class='ocrx_word' id='word_1_646' title='bbox 1688 3455 1745 3536; x_wconf 63' lang='grc' dir='ltr'>ῙνῩ·</span> <span class='ocrx_word' id='word_1_647' title='bbox 1757 3455 1816 3506; x_wconf 73' lang='lat' dir='ltr'><strong>LX·</strong></span> 
     </span>
     <span class='ocr_line' id='line_1_45' title="bbox 163 3521 1851 3608; baseline -0.002 -17"><span class='ocrx_word' id='word_1_648' title='bbox 163 3540 995 3608; x_wconf 75' lang='grc' dir='ltr'>αἱτλιὶιιοιονοεΡοει.1,13.τότετωνυποκριτωνπλη-</span> <span class='ocrx_word' id='word_1_649' title='bbox 1071 3526 1132 3575; x_wconf 74' lang='lat' dir='ltr'><strong>Non</strong></span> <span class='ocrx_word' id='word_1_650' title='bbox 1144 3539 1258 3605; x_wconf 60' lang='grc'><strong>11111111</strong></span> <span class='ocrx_word' id='word_1_651' title='bbox 1267 3528 1398 3604; x_wconf 57' lang='lat' dir='ltr'><strong>somene</strong></span> <span class='ocrx_word' id='word_1_652' title='bbox 1411 3528 1455 3574; x_wconf 75' lang='lat' dir='ltr'><strong>esi</strong></span> <span class='ocrx_word' id='word_1_653' title='bbox 1466 3523 1583 3574; x_wconf 83' lang='lat' dir='ltr'><strong>alterum</strong></span> <span class='ocrx_word' id='word_1_654' title='bbox 1600 3523 1673 3602; x_wconf 62' lang='lat' dir='ltr'><strong>epod</strong></span> <span class='ocrx_word' id='word_1_655' title='bbox 1684 3521 1851 3605; x_wconf 54' lang='lat' dir='ltr'><strong>assitere</strong></span> 
     </span>
     <span class='ocr_line' id='line_1_46' title="bbox 162 3591 1852 3675; baseline -0.012 -14"><span class='ocrx_word' id='word_1_656' title='bbox 162 3611 214 3671; x_wconf 87' lang='grc' dir='ltr'><strong>θος</strong></span> <span class='ocrx_word' id='word_1_657' title='bbox 228 3608 256 3661; x_wconf 81' lang='grc' dir='ltr'><strong>ἐξ</strong></span> <span class='ocrx_word' id='word_1_658' title='bbox 269 3607 331 3671; x_wconf 82' lang='grc' dir='ltr'>ἑνός</span> <span class='ocrx_word' id='word_1_659' title='bbox 344 3607 383 3671; x_wconf 80' lang='grc' dir='ltr'>εἰς</span> <span class='ocrx_word' id='word_1_660' title='bbox 395 3609 446 3662; x_wconf 87' lang='grc' dir='ltr'><strong>δύο</strong></span> <span class='ocrx_word' id='word_1_661' title='bbox 459 3613 572 3675; x_wconf 83' lang='grc' dir='ltr'>πρῶτος</span> <span class='ocrx_word' id='word_1_662' title='bbox 585 3607 721 3674; x_wconf 82' lang='grc' dir='ltr'>Αἰσχύλος</span> <span class='ocrx_word' id='word_1_663' title='bbox 737 3612 825 3675; x_wconf 76' lang='grc' dir='ltr'>ἤγαγε</span> <span class='ocrx_word' id='word_1_664' title='bbox 842 3611 886 3663; x_wconf 74' lang='grc' dir='ltr'><strong>χαι</strong></span> <span class='ocrx_word' id='word_1_665' title='bbox 898 3610 933 3664; x_wconf 62' lang='grc' dir='ltr'><strong>τὰ</strong></span> <span class='ocrx_word' id='word_1_666' title='bbox 945 3614 996 3663; x_wconf 66' lang='grc' dir='ltr'><strong>τοῦ</strong></span> <span class='ocrx_word' id='word_1_667' title='bbox 1022 3593 1156 3672; x_wconf 77' lang='lat' dir='ltr'><strong>Aeschylo</strong></span> <span class='ocrx_word' id='word_1_668' title='bbox 1167 3591 1266 3673; x_wconf 82' lang='lat' dir='ltr'><strong>tribuit</strong></span> <span class='ocrx_word' id='word_1_669' title='bbox 1276 3596 1431 3654; x_wconf 89' lang='lat' dir='ltr'><strong>inventum,</strong></span> <span class='ocrx_word' id='word_1_670' title='bbox 1450 3605 1530 3672; x_wconf 79' lang='lat' dir='ltr'><strong>quein</strong></span> <span class='ocrx_word' id='word_1_671' title='bbox 1547 3591 1624 3641; x_wconf 90' lang='lat' dir='ltr'><strong>chori</strong></span> <span class='ocrx_word' id='word_1_672' title='bbox 1640 3595 1749 3672; x_wconf 74' lang='lat' dir='ltr'><strong>cantica</strong></span> <span class='ocrx_word' id='word_1_673' title='bbox 1761 3607 1852 3672; x_wconf 36' lang='lat' dir='ltr'><strong>&#39;immi-</strong></span> 
     </span>
     <span class='ocr_line' id='line_1_47' title="bbox 163 3659 1850 3744; baseline -0.001 -35"><span class='ocrx_word' id='word_1_674' title='bbox 163 3679 253 3743; x_wconf 65' lang='grc' dir='ltr'>χοροῦ</span> <span class='ocrx_word' id='word_1_675' title='bbox 266 3675 429 3744; x_wconf 51' lang='grc' dir='ltr'>ἠλάττωσε,</span> <span class='ocrx_word' id='word_1_676' title='bbox 449 3678 493 3729; x_wconf 66' lang='lat' dir='ltr'><strong>m(</strong></span> <span class='ocrx_word' id='word_1_677' title='bbox 510 3678 562 3729; x_wconf 61' lang='grc' dir='ltr'><strong>τὸν</strong></span> <span class='ocrx_word' id='word_1_678' title='bbox 580 3675 668 3741; x_wconf 66' lang='grc' dir='ltr'>λόγον</span> <span class='ocrx_word' id='word_1_679' title='bbox 685 3680 931 3744; x_wconf 60' lang='grc' dir='ltr'>πρωταγωνιστὴν</span> <span class='ocrx_word' id='word_1_680' title='bbox 944 3694 996 3732; x_wconf 72' lang='grc' dir='ltr'><strong>πα,</strong></span> <span class='ocrx_word' id='word_1_681' title='bbox 1022 3676 1115 3712; x_wconf 91' lang='lat' dir='ltr'><strong>nuisse</strong></span> <span class='ocrx_word' id='word_1_682' title='bbox 1129 3665 1157 3712; x_wconf 91' lang='lat' dir='ltr'><strong>et</strong></span> <span class='ocrx_word' id='word_1_683' title='bbox 1168 3675 1296 3711; x_wconf 89' lang='lat' dir='ltr'><strong>maiorem</strong></span> <span class='ocrx_word' id='word_1_684' title='bbox 1310 3660 1420 3711; x_wconf 84' lang='lat' dir='ltr'><strong>fabulae</strong></span> <span class='ocrx_word' id='word_1_685' title='bbox 1431 3674 1563 3724; x_wconf 85' lang='lat' dir='ltr'><strong>cuiusque</strong></span> <span class='ocrx_word' id='word_1_686' title='bbox 1572 3663 1678 3724; x_wconf 91' lang='lat' dir='ltr'><strong>partem</strong></span> <span class='ocrx_word' id='word_1_687' title='bbox 1688 3659 1850 3710; x_wconf 81' lang='lat' dir='ltr'><strong>histrionum</strong></span> 
     </span>
    </p>
   </div>
   <div class='ocr_carea' id='block_1_6' title="bbox 153 3726 1934 3881">
    <p class='ocr_par' dir='ltr' id='par_1_6' title="bbox 153 3726 1934 3881">
     <span class='ocr_line' id='line_1_48' title="bbox 162 3726 1934 3814; baseline -0.001 -37"><span class='ocrx_word' id='word_1_688' title='bbox 162 3745 346 3811; x_wconf 55' lang='grc' dir='ltr'>ρεσχεὺασεν,</span> <span class='ocrx_word' id='word_1_689' title='bbox 359 3749 435 3810; x_wconf 62' lang='grc' dir='ltr'>τρεῖς</span> <span class='ocrx_word' id='word_1_690' title='bbox 447 3746 477 3798; x_wconf 66' lang='grc' dir='ltr'><strong>δὲ</strong></span> <span class='ocrx_word' id='word_1_691' title='bbox 487 3745 531 3797; x_wconf 63' lang='grc' dir='ltr'><strong>και</strong></span> <span class='ocrx_word' id='word_1_692' title='bbox 541 3745 752 3812; x_wconf 64' lang='grc' dir='ltr'>σκηνογραφίαν</span> <span class='ocrx_word' id='word_1_693' title='bbox 762 3747 917 3812; x_wconf 59' lang='lat' dir='ltr'><strong>{operire</strong></span> <span class='ocrx_word' id='word_1_694' title='bbox 943 3750 996 3814; x_wconf 62' lang='lat' dir='ltr'><strong>Qu(</strong></span> <span class='ocrx_word' id='word_1_695' title='bbox 1023 3727 1154 3780; x_wconf 87' lang='lat' dir='ltr'><strong>diverbiis</strong></span> <span class='ocrx_word' id='word_1_696' title='bbox 1168 3728 1321 3794; x_wconf 82' lang='lat' dir='ltr'><strong>explevisse</strong></span> <span class='ocrx_word' id='word_1_697' title='bbox 1334 3726 1409 3778; x_wconf 92' lang='lat' dir='ltr'><strong>dicit.</strong></span> <span class='ocrx_word' id='word_1_698' title='bbox 1423 3727 1850 3808; x_wconf 32' lang='lat' dir='ltr'><strong>‘Namnantiqnioru&#39;mpoetarum</strong></span> <span class='ocrx_word' id='word_1_699' title='bbox 1931 3751 1934 3757; x_wconf 60' lang='lat'><strong><em>¹</em></strong></span> 
     </span>
     <span class='ocr_line' id='line_1_49' title="bbox 153 3795 1850 3881; baseline 0.004 -41"><span class='ocrx_word' id='word_1_700' title='bbox 153 3814 240 3880; x_wconf 66' lang='lat' dir='ltr'><strong>‚quod</strong></span> <span class='ocrx_word' id='word_1_701' title='bbox 253 3813 288 3864; x_wconf 64' lang='lat' dir='ltr'><strong>de</strong></span> <span class='ocrx_word' id='word_1_702' title='bbox 301 3814 390 3865; x_wconf 54' lang='lat' dir='ltr'><strong>alpem</strong></span> <span class='ocrx_word' id='word_1_703' title='bbox 407 3815 539 3866; x_wconf 56' lang='lat' dir='ltr'>hisfflone</span> <span class='ocrx_word' id='word_1_704' title='bbox 554 3815 638 3878; x_wconf 51' lang='lat' dir='ltr'>dixit,</span> <span class='ocrx_word' id='word_1_705' title='bbox 656 3817 680 3865; x_wconf 61' lang='lat' dir='ltr'><strong>,i</strong></span> <span class='ocrx_word' id='word_1_706' title='bbox 694 3821 769 3866; x_wconf 56' lang='lat' dir='ltr'><strong>reete</strong></span> <span class='ocrx_word' id='word_1_707' title='bbox 782 3817 858 3877; x_wconf 43' lang='lat' dir='ltr'><strong>dixit,</strong></span> <span class='ocrx_word' id='word_1_708' title='bbox 874 3817 997 3881; x_wconf 57' lang='lat' dir='ltr'><strong>sequitu,</strong></span> <span class='ocrx_word' id='word_1_709' title='bbox 1023 3797 1134 3847; x_wconf 80' lang='lat' dir='ltr'><strong>fabulae</strong></span> <span class='ocrx_word' id='word_1_710' title='bbox 1148 3797 1206 3848; x_wconf 85' lang='lat' dir='ltr'><strong>iere</strong></span> <span class='ocrx_word' id='word_1_711' title='bbox 1220 3801 1296 3846; x_wconf 86' lang='lat' dir='ltr'><strong>totae</strong></span> <span class='ocrx_word' id='word_1_712' title='bbox 1310 3811 1343 3846; x_wconf 82' lang='lat' dir='ltr'><strong>ex</strong></span> <span class='ocrx_word' id='word_1_713' title='bbox 1357 3795 1432 3846; x_wconf 92' lang='lat' dir='ltr'><strong>chori</strong></span> <span class='ocrx_word' id='word_1_714' title='bbox 1444 3797 1571 3846; x_wconf 87' lang='lat' dir='ltr'><strong>cantibus</strong></span> <span class='ocrx_word' id='word_1_715' title='bbox 1586 3799 1777 3858; x_wconf 82' lang='lat' dir='ltr'><strong>constiterant,</strong></span> <span class='ocrx_word' id='word_1_716' title='bbox 1791 3796 1850 3846; x_wconf 90' lang='lat' dir='ltr'><strong>bre-</strong></span> 
     </span>
    </p>
   </div>
   <div class='ocr_carea' id='block_1_7' title="bbox 164 3857 1849 3950">
    <p class='ocr_par' dir='ltr' id='par_1_7' title="bbox 164 3857 1849 3950">
     <span class='ocr_line' id='line_1_50' title="bbox 164 3857 1849 3950; baseline -0.001 -37"><span class='ocrx_word' id='word_1_717' title='bbox 164 3883 235 3934; x_wconf 60' lang='lat' dir='ltr'>duo„</span> <span class='ocrx_word' id='word_1_718' title='bbox 247 3882 396 3934; x_wconf 55' lang='lat' dir='ltr'><strong>histriones</strong></span> <span class='ocrx_word' id='word_1_719' title='bbox 409 3883 438 3933; x_wconf 66' lang='lat' dir='ltr'><strong>in</strong></span> <span class='ocrx_word' id='word_1_720' title='bbox 450 3899 532 3934; x_wconf 60' lang='lat' dir='ltr'><strong>scena</strong></span> <span class='ocrx_word' id='word_1_721' title='bbox 545 3899 599 3933; x_wconf 67' lang='lat' dir='ltr'><strong>non</strong></span> <span class='ocrx_word' id='word_1_722' title='bbox 613 3890 677 3934; x_wconf 61' lang='lat' dir='ltr'><strong>,nte</strong></span> <span class='ocrx_word' id='word_1_723' title='bbox 691 3885 837 3950; x_wconf 37' lang='lat' dir='ltr'><strong>olymp-70,</strong></span> <span class='ocrx_word' id='word_1_724' title='bbox 847 3887 868 3935; x_wconf 72' lang='lat'><strong>1¹</strong></span> <span class='ocrx_word' id='word_1_725' title='bbox 882 3899 996 3950; x_wconf 46' lang='lat' dir='ltr'><strong>conspe.</strong></span> <span class='ocrx_word' id='word_1_726' title='bbox 1021 3866 1102 3916; x_wconf 89' lang='lat' dir='ltr'><strong>vibus</strong></span> <span class='ocrx_word' id='word_1_727' title='bbox 1116 3869 1222 3916; x_wconf 90' lang='lat' dir='ltr'><strong>tantum</strong></span> <span class='ocrx_word' id='word_1_728' title='bbox 1233 3866 1315 3915; x_wconf 89' lang='lat' dir='ltr'><strong>unius</strong></span> <span class='ocrx_word' id='word_1_729' title='bbox 1327 3864 1468 3914; x_wconf 89' lang='lat' dir='ltr'><strong>histrionia</strong></span> <span class='ocrx_word' id='word_1_730' title='bbox 1481 3863 1653 3914; x_wconf 88' lang='lat' dir='ltr'><strong>sermonibus</strong></span> <span class='ocrx_word' id='word_1_731' title='bbox 1665 3857 1849 3928; x_wconf 85' lang='lat' dir='ltr'><strong>interpositis:</strong></span> 
     </span>
    </p>
   </div>
   <div class='ocr_carea' id='block_1_8' title="bbox 161 3932 1851 4218">
    <p class='ocr_par' dir='ltr' id='par_1_8' title="bbox 161 3932 1851 4218">
     <span class='ocr_line' id='line_1_51' title="bbox 162 3932 1851 4018; baseline -0.013 -17"><span class='ocrx_word' id='word_1_732' title='bbox 162 3955 227 4002; x_wconf 90' lang='lat' dir='ltr'><strong>ctos</strong></span> <span class='ocrx_word' id='word_1_733' title='bbox 241 3951 336 4014; x_wconf 86' lang='lat' dir='ltr'><strong>inisse,</strong></span> <span class='ocrx_word' id='word_1_734' title='bbox 350 3967 402 4017; x_wconf 90' lang='lat' dir='ltr'><strong>quo</strong></span> <span class='ocrx_word' id='word_1_735' title='bbox 415 3967 487 4002; x_wconf 86' lang='lat' dir='ltr'><strong>anuo</strong></span> <span class='ocrx_word' id='word_1_736' title='bbox 501 3950 610 4002; x_wconf 83' lang='lat' dir='ltr'><strong>fabulas</strong></span> <span class='ocrx_word' id='word_1_737' title='bbox 624 3951 720 4004; x_wconf 86' lang='lat' dir='ltr'><strong>doccia</strong></span> <span class='ocrx_word' id='word_1_738' title='bbox 733 3953 825 4018; x_wconf 92' lang='lat' dir='ltr'><strong>coepit</strong></span> <span class='ocrx_word' id='word_1_739' title='bbox 835 3952 995 4018; x_wconf 83' lang='lat' dir='ltr'><strong>Aeschylus,</strong></span> <span class='ocrx_word' id='word_1_740' title='bbox 1023 3932 1353 3998; x_wconf 66' lang='lat' dir='ltr'><strong>qfl⁰dA⁹⁸0hil¹111110¹180</strong></span> <span class='ocrx_word' id='word_1_741' title='bbox 1364 3932 1445 3982; x_wconf 67' lang='lat' dir='ltr'><strong>allier</strong></span> <span class='ocrx_word' id='word_1_742' title='bbox 1454 3935 1721 4018; x_wconf 33' lang='lat' dir='ltr'><strong>instituissenscptem</strong></span> <span class='ocrx_word' id='word_1_743' title='bbox 1727 3946 1798 3995; x_wconf 88' lang='lat' dir='ltr'><strong>quae</strong></span> <span class='ocrx_word' id='word_1_744' title='bbox 1808 3945 1851 3980; x_wconf 89' lang='lat' dir='ltr'><strong>su·</strong></span> 
     </span>
     <span class='ocr_line' id='line_1_52' title="bbox 161 3999 1849 4084; baseline -0.002 -16"><span class='ocrx_word' id='word_1_745' title='bbox 161 4017 298 4084; x_wconf 86' lang='lat' dir='ltr'><strong>Aeschyli</strong></span> <span class='ocrx_word' id='word_1_746' title='bbox 308 4024 400 4070; x_wconf 89' lang='lat' dir='ltr'><strong>autem</strong></span> <span class='ocrx_word' id='word_1_747' title='bbox 412 4021 441 4070; x_wconf 92' lang='lat' dir='ltr'><strong>iii</strong></span> <span class='ocrx_word' id='word_1_748' title='bbox 451 4020 501 4070; x_wconf 93' lang='lat' dir='ltr'><strong>hoc</strong></span> <span class='ocrx_word' id='word_1_749' title='bbox 511 4021 660 4070; x_wconf 88' lang='lat' dir='ltr'><strong>certamine</strong></span> <span class='ocrx_word' id='word_1_750' title='bbox 673 4019 894 4083; x_wconf 82' lang='grc' dir='ltr'>ἀνταγωνιστάς,</span> <span class='ocrx_word' id='word_1_751' title='bbox 910 4019 996 4071; x_wconf 81' lang='lat' dir='ltr'><strong>Choe·</strong></span> <span class='ocrx_word' id='word_1_752' title='bbox 1022 4002 1262 4083; x_wconf 44' lang='lat' dir='ltr'><strong>llefflunfffabffissss</strong></span> <span class='ocrx_word' id='word_1_753' title='bbox 1276 3999 1441 4081; x_wconf 51' lang='lat' dir='ltr'><strong>Psslendlfflb</strong></span> <span class='ocrx_word' id='word_1_754' title='bbox 1454 3999 1682 4080; x_wconf 38' lang='lat' dir='ltr'><strong>ln&#39;Supplicibus,</strong></span> <span class='ocrx_word' id='word_1_755' title='bbox 1695 3999 1849 4078; x_wconf 54' lang='lat' dir='ltr'><strong>fiblflssfflfl}</strong></span> 
     </span>
     <span class='ocr_line' id='line_1_53' title="bbox 161 4066 1849 4152; baseline -0.003 -33"><span class='ocrx_word' id='word_1_756' title='bbox 161 4087 246 4137; x_wconf 54' lang='lat' dir='ltr'><strong>ripum</strong></span> <span class='ocrx_word' id='word_1_757' title='bbox 264 4091 292 4137; x_wconf 60' lang='lat' dir='ltr'><strong>et</strong></span> <span class='ocrx_word' id='word_1_758' title='bbox 303 4086 457 4151; x_wconf 52' lang='lat' dir='ltr'><strong>pugnam,</strong></span> <span class='ocrx_word' id='word_1_759' title='bbox 477 4094 525 4138; x_wconf 60' lang='lat' dir='ltr'><strong>aut</strong></span> <span class='ocrx_word' id='word_1_760' title='bbox 540 4103 607 4150; x_wconf 44' lang='lat' dir='ltr'>uno,</span> <span class='ocrx_word' id='word_1_761' title='bbox 625 4095 655 4138; x_wconf 59' lang='lat' dir='ltr'><strong>ut</strong></span> <span class='ocrx_word' id='word_1_762' title='bbox 668 4089 758 4140; x_wconf 62' lang='lat' dir='ltr'><strong>adhuc</strong></span> <span class='ocrx_word' id='word_1_763' title='bbox 770 4089 882 4140; x_wconf 58' lang='lat' dir='ltr'><strong>solitum</strong></span> <span class='ocrx_word' id='word_1_764' title='bbox 895 4089 995 4152; x_wconf 55' lang='lat' dir='ltr'><strong>sumt,</strong></span> <span class='ocrx_word' id='word_1_765' title='bbox 1022 4073 1209 4136; x_wconf 85' lang='lat' dir='ltr'><strong>superstitum,</strong></span> <span class='ocrx_word' id='word_1_766' title='bbox 1218 4074 1248 4119; x_wconf 89' lang='lat' dir='ltr'><strong>ut</strong></span> <span class='ocrx_word' id='word_1_767' title='bbox 1258 4068 1374 4131; x_wconf 88' lang='lat' dir='ltr'><strong>videtur,</strong></span> <span class='ocrx_word' id='word_1_768' title='bbox 1384 4074 1587 4149; x_wconf 32' lang='lat' dir='ltr'><strong>antpquinssima,</strong></span> <span class='ocrx_word' id='word_1_769' title='bbox 1597 4072 1763 4118; x_wconf 88' lang='lat' dir='ltr'><strong>canticorum</strong></span> <span class='ocrx_word' id='word_1_770' title='bbox 1773 4066 1849 4147; x_wconf 72' lang='lat' dir='ltr'><strong>chpri</strong></span> 
     </span>
     <span class='ocr_line' id='line_1_54' title="bbox 162 4135 1850 4218; baseline -0.004 -12"><span class='ocrx_word' id='word_1_771' title='bbox 162 4169 230 4206; x_wconf 89' lang='lat' dir='ltr'><strong>usos</strong></span> <span class='ocrx_word' id='word_1_772' title='bbox 250 4169 312 4206; x_wconf 90' lang='lat' dir='ltr'><strong>esse</strong></span> <span class='ocrx_word' id='word_1_773' title='bbox 329 4155 475 4218; x_wconf 89' lang='lat' dir='ltr'><strong>histrione,</strong></span> <span class='ocrx_word' id='word_1_774' title='bbox 495 4160 555 4216; x_wconf 91' lang='lat' dir='ltr'><strong>eut,</strong></span> <span class='ocrx_word' id='word_1_775' title='bbox 574 4156 597 4205; x_wconf 93' lang='lat' dir='ltr'><strong>si</strong></span> <span class='ocrx_word' id='word_1_776' title='bbox 610 4156 716 4208; x_wconf 84' lang='lat' dir='ltr'><strong>duobus</strong></span> <span class='ocrx_word' id='word_1_777' title='bbox 732 4158 775 4208; x_wconf 87' lang='lat' dir='ltr'><strong>usi</strong></span> <span class='ocrx_word' id='word_1_778' title='bbox 789 4159 845 4207; x_wconf 90' lang='lat' dir='ltr'><strong>sint</strong></span> <span class='ocrx_word' id='word_1_779' title='bbox 857 4157 996 4208; x_wconf 91' lang='lat' dir='ltr'><strong>histrioni·</strong></span> <span class='ocrx_word' id='word_1_780' title='bbox 1023 4153 1119 4189; x_wconf 62' lang='lat' dir='ltr'>verm</span> <span class='ocrx_word' id='word_1_781' title='bbox 1136 4143 1301 4202; x_wconf 64' lang='lat' dir='ltr'><strong>s¹1¹1‘lff0i’e</strong></span> <span class='ocrx_word' id='word_1_782' title='bbox 1319 4135 1654 4198; x_wconf 64' lang='lat' dir='ltr'><strong>⁸⁰100¹1l¹idlleib¹⁰fflm</strong></span> <span class='ocrx_word' id='word_1_783' title='bbox 1672 4150 1754 4200; x_wconf 72' lang='lat' dir='ltr'>P¹⁰P0</span> <span class='ocrx_word' id='word_1_784' title='bbox 1773 4150 1850 4200; x_wconf 68' lang='lat' dir='ltr'><strong>ilum·</strong></span> 
     </span>
    </p>
   </div>
   <div class='ocr_carea' id='block_1_9' title="bbox 162 4202 1850 4291">
    <p class='ocr_par' dir='ltr' id='par_1_9' title="bbox 162 4202 1850 4291">
     <span class='ocr_line' id='line_1_55' title="bbox 162 4202 1850 4291; baseline -0.002 -17"><span class='ocrx_word' id='word_1_785' title='bbox 162 4225 232 4288; x_wconf 88' lang='lat' dir='ltr'><strong>bus,</strong></span> <span class='ocrx_word' id='word_1_786' title='bbox 254 4221 283 4272; x_wconf 95' lang='lat' dir='ltr'><strong>id</strong></span> <span class='ocrx_word' id='word_1_787' title='bbox 301 4222 431 4290; x_wconf 88' lang='lat' dir='ltr'><strong>Aeschyli</strong></span> <span class='ocrx_word' id='word_1_788' title='bbox 453 4223 510 4275; x_wconf 87' lang='lat' dir='ltr'><strong>sive</strong></span> <span class='ocrx_word' id='word_1_789' title='bbox 530 4224 644 4274; x_wconf 87' lang='lat' dir='ltr'><strong>consilio</strong></span> <span class='ocrx_word' id='word_1_790' title='bbox 662 4225 721 4276; x_wconf 88' lang='lat' dir='ltr'><strong>sive</strong></span> <span class='ocrx_word' id='word_1_791' title='bbox 738 4225 863 4291; x_wconf 85' lang='lat' dir='ltr'><strong>exemplo</strong></span> <span class='ocrx_word' id='word_1_792' title='bbox 885 4225 995 4288; x_wconf 87' lang='lat' dir='ltr'><strong>iecisse,</strong></span> <span class='ocrx_word' id='word_1_793' title='bbox 1023 4207 1112 4272; x_wconf 63' lang='lat' dir='ltr'><strong>Semi,</strong></span> <span class='ocrx_word' id='word_1_794' title='bbox 1131 4204 1354 4269; x_wconf 66' lang='lat' dir='ltr'><strong>i¹11³l³f⁵l⁸laeta</strong></span> <span class='ocrx_word' id='word_1_795' title='bbox 1370 4205 1471 4270; x_wconf 75' lang='lat' dir='ltr'><strong>OlimP·</strong></span> <span class='ocrx_word' id='word_1_796' title='bbox 1487 4202 1850 4268; x_wconf 66' lang='lat' dir='ltr'><strong>⁷⁶i4dd0V⁰f⁸lbu⁸¹⁰⁷⁷=</strong></span> 
     </span>
    </p>
   </div>
   <div class='ocr_carea' id='block_1_10' title="bbox 158 4271 1853 5774">
    <p class='ocr_par' dir='ltr' id='par_1_10' title="bbox 1022 4271 1851 4404">
     <span class='ocr_line' id='line_1_56' title="bbox 1023 4271 1850 4341; baseline -0.002 -17"><span class='ocrx_word' id='word_1_797' title='bbox 1023 4274 1141 4324; x_wconf 85' lang='lat' dir='ltr'><strong>trecenti</strong></span> <span class='ocrx_word' id='word_1_798' title='bbox 1159 4274 1267 4323; x_wconf 90' lang='lat' dir='ltr'><strong>circiter</strong></span> <span class='ocrx_word' id='word_1_799' title='bbox 1285 4277 1314 4323; x_wconf 89' lang='lat' dir='ltr'><strong>et</strong></span> <span class='ocrx_word' id='word_1_800' title='bbox 1330 4272 1532 4341; x_wconf 83' lang='lat' dir='ltr'><strong>quinquaginta</strong></span> <span class='ocrx_word' id='word_1_801' title='bbox 1550 4273 1626 4322; x_wconf 91' lang='lat' dir='ltr'><strong>chori</strong></span> <span class='ocrx_word' id='word_1_802' title='bbox 1644 4275 1718 4335; x_wconf 83' lang='lat' dir='ltr'><strong>sunt,</strong></span> <span class='ocrx_word' id='word_1_803' title='bbox 1740 4271 1769 4320; x_wconf 90' lang='lat' dir='ltr'><strong>in</strong></span> <span class='ocrx_word' id='word_1_804' title='bbox 1785 4272 1850 4322; x_wconf 88' lang='lat' dir='ltr'><strong>Pro·</strong></span> 
     </span>
     <span class='ocr_line' id='line_1_57' title="bbox 1022 4337 1851 4404; baseline -0.005 -13"><span class='ocrx_word' id='word_1_805' title='bbox 1022 4343 1130 4393; x_wconf 87' lang='lat' dir='ltr'><strong>matheo</strong></span> <span class='ocrx_word' id='word_1_806' title='bbox 1149 4341 1182 4392; x_wconf 91' lang='lat' dir='ltr'><strong>de</strong></span> <span class='ocrx_word' id='word_1_807' title='bbox 1198 4341 1323 4391; x_wconf 91' lang='lat' dir='ltr'><strong>versibus</strong></span> <span class='ocrx_word' id='word_1_808' title='bbox 1341 4343 1414 4392; x_wconf 80' lang='lat'>1093.</span> <span class='ocrx_word' id='word_1_809' title='bbox 1438 4345 1546 4391; x_wconf 90' lang='lat' dir='ltr'><strong>centum</strong></span> <span class='ocrx_word' id='word_1_810' title='bbox 1563 4340 1671 4390; x_wconf 86' lang='lat' dir='ltr'><strong>circiter</strong></span> <span class='ocrx_word' id='word_1_811' title='bbox 1687 4343 1717 4388; x_wconf 91' lang='lat' dir='ltr'><strong>et</strong></span> <span class='ocrx_word' id='word_1_812' title='bbox 1733 4337 1851 4404; x_wconf 88' lang='lat' dir='ltr'><strong>quadra·</strong></span> 
     </span>
    </p>

    <p class='ocr_par' dir='ltr' id='par_1_11' title="bbox 158 4407 1853 5774">
     <span class='ocr_line' id='line_1_58' title="bbox 216 4407 1852 4478; baseline -0.004 -15"><span class='ocrx_word' id='word_1_813' title='bbox 216 4412 244 4474; x_wconf 79' lang='lat' dir='ltr'><strong>&#39;l</strong></span> <span class='ocrx_word' id='word_1_814' title='bbox 262 4411 399 4463; x_wconf 87' lang='lat' dir='ltr'><strong>Athenaei</strong></span> <span class='ocrx_word' id='word_1_815' title='bbox 411 4412 544 4476; x_wconf 89' lang='lat' dir='ltr'><strong>epitomes</strong></span> <span class='ocrx_word' id='word_1_816' title='bbox 557 4414 641 4464; x_wconf 89' lang='lat' dir='ltr'><strong>verba</strong></span> <span class='ocrx_word' id='word_1_817' title='bbox 654 4418 730 4478; x_wconf 88' lang='lat' dir='ltr'><strong>sunt,</strong></span> <span class='ocrx_word' id='word_1_818' title='bbox 749 4411 914 4476; x_wconf 85' lang='grc' dir='ltr'>Χαμαιλέων</span> <span class='ocrx_word' id='word_1_819' title='bbox 926 4414 996 4477; x_wconf 83' lang='grc' dir='ltr'>γοῦν</span> <span class='ocrx_word' id='word_1_820' title='bbox 1023 4411 1100 4476; x_wconf 88' lang='lat' dir='ltr'><strong>ginta</strong></span> <span class='ocrx_word' id='word_1_821' title='bbox 1117 4409 1191 4460; x_wconf 88' lang='lat' dir='ltr'><strong>chori</strong></span> <span class='ocrx_word' id='word_1_822' title='bbox 1210 4413 1286 4472; x_wconf 89' lang='lat' dir='ltr'><strong>sunt,</strong></span> <span class='ocrx_word' id='word_1_823' title='bbox 1308 4409 1336 4458; x_wconf 92' lang='lat' dir='ltr'><strong>in</strong></span> <span class='ocrx_word' id='word_1_824' title='bbox 1349 4407 1561 4471; x_wconf 86' lang='lat' dir='ltr'><strong>Eumenidibus,</strong></span> <span class='ocrx_word' id='word_1_825' title='bbox 1583 4407 1737 4459; x_wconf 83' lang='lat' dir='ltr'><strong>fabularum</strong></span> <span class='ocrx_word' id='word_1_826' title='bbox 1759 4421 1852 4472; x_wconf 88' lang='lat' dir='ltr'><strong>super-</strong></span> 
     </span>
     <span class='ocr_line' id='line_1_59' title="bbox 161 4475 1852 4546; baseline -0.004 -13"><span class='ocrx_word' id='word_1_827' title='bbox 161 4481 285 4546; x_wconf 84' lang='grc' dir='ltr'>πρῶτον</span> <span class='ocrx_word' id='word_1_828' title='bbox 300 4477 470 4544; x_wconf 70' lang='lat' dir='ltr'><strong>certiora</strong></span> <span class='ocrx_word' id='word_1_829' title='bbox 483 4478 671 4545; x_wconf 86' lang='lat' dir='ltr'><strong>(Aeschylum)</strong></span> <span class='ocrx_word' id='word_1_830' title='bbox 688 4479 855 4545; x_wconf 80' lang='grc' dir='ltr'>σχηματίσαι</span> <span class='ocrx_word' id='word_1_831' title='bbox 869 4475 938 4543; x_wconf 71' lang='grc' dir='ltr'>τοὺς</span> <span class='ocrx_word' id='word_1_832' title='bbox 950 4495 995 4544; x_wconf 86' lang='grc' dir='ltr'><strong>χο·</strong></span> <span class='ocrx_word' id='word_1_833' title='bbox 1023 4479 1120 4528; x_wconf 84' lang='lat' dir='ltr'><strong>stitum</strong></span> <span class='ocrx_word' id='word_1_834' title='bbox 1133 4478 1290 4539; x_wconf 88' lang='lat' dir='ltr'><strong>novissima,</strong></span> <span class='ocrx_word' id='word_1_835' title='bbox 1309 4475 1381 4526; x_wconf 89' lang='lat' dir='ltr'><strong>idam</strong></span> <span class='ocrx_word' id='word_1_836' title='bbox 1398 4476 1457 4526; x_wconf 84' lang='lat' dir='ltr'><strong>fere</strong></span> <span class='ocrx_word' id='word_1_837' title='bbox 1475 4482 1558 4542; x_wconf 88' lang='lat' dir='ltr'><strong>atqua</strong></span> <span class='ocrx_word' id='word_1_838' title='bbox 1575 4477 1603 4526; x_wconf 91' lang='lat' dir='ltr'><strong>in</strong></span> <span class='ocrx_word' id='word_1_839' title='bbox 1620 4475 1710 4526; x_wconf 89' lang='lat' dir='ltr'><strong>Persis</strong></span> <span class='ocrx_word' id='word_1_840' title='bbox 1722 4490 1852 4526; x_wconf 87' lang='lat' dir='ltr'><strong>numerus</strong></span> 
     </span>
     <span class='ocr_line' id='line_1_60' title="bbox 160 4544 1851 4614; baseline -0.005 -14"><span class='ocrx_word' id='word_1_841' title='bbox 160 4548 233 4614; x_wconf 84' lang='grc' dir='ltr'>ροὺς</span> <span class='ocrx_word' id='word_1_842' title='bbox 243 4545 540 4613; x_wconf 76' lang='grc' dir='ltr'>ὀρχηστοδιδασκάλοις</span> <span class='ocrx_word' id='word_1_843' title='bbox 558 4547 592 4600; x_wconf 86' lang='grc' dir='ltr'><strong>σὺ</strong></span> <span class='ocrx_word' id='word_1_844' title='bbox 606 4549 792 4614; x_wconf 85' lang='grc' dir='ltr'>χρησάμενον,</span> <span class='ocrx_word' id='word_1_845' title='bbox 809 4547 881 4600; x_wconf 90' lang='grc' dir='ltr'>άλλό</span> <span class='ocrx_word' id='word_1_846' title='bbox 893 4548 938 4600; x_wconf 87' lang='grc' dir='ltr'>καί</span> <span class='ocrx_word' id='word_1_847' title='bbox 950 4547 995 4600; x_wconf 85' lang='lat' dir='ltr'><strong>uii-</strong></span> <span class='ocrx_word' id='word_1_848' title='bbox 1023 4548 1096 4596; x_wconf 88' lang='lat' dir='ltr'><strong>inter</strong></span> <span class='ocrx_word' id='word_1_849' title='bbox 1107 4561 1202 4598; x_wconf 89' lang='lat' dir='ltr'><strong>versus</strong></span> <span class='ocrx_word' id='word_1_850' title='bbox 1215 4546 1302 4597; x_wconf 85' lang='lat' dir='ltr'><strong>totius</strong></span> <span class='ocrx_word' id='word_1_851' title='bbox 1315 4545 1425 4596; x_wconf 80' lang='lat' dir='ltr'><strong>fabulae</strong></span> <span class='ocrx_word' id='word_1_852' title='bbox 1439 4547 1512 4597; x_wconf 76' lang='lat'>1047.</span> <span class='ocrx_word' id='word_1_853' title='bbox 1541 4544 1674 4594; x_wconf 87' lang='lat' dir='ltr'><strong>Numerus</strong></span> <span class='ocrx_word' id='word_1_854' title='bbox 1688 4547 1781 4593; x_wconf 86' lang='lat' dir='ltr'><strong>autem</strong></span> <span class='ocrx_word' id='word_1_855' title='bbox 1791 4559 1851 4594; x_wconf 87' lang='lat' dir='ltr'><strong>vcr-</strong></span> 
     </span>
     <span class='ocr_line' id='line_1_61' title="bbox 160 4610 1851 4680; baseline -0.004 -12"><span class='ocrx_word' id='word_1_856' title='bbox 160 4617 218 4668; x_wconf 91' lang='grc' dir='ltr'><strong>τόν</strong></span> <span class='ocrx_word' id='word_1_857' title='bbox 231 4619 289 4678; x_wconf 78' lang='grc' dir='ltr'>τοῖς</span> <span class='ocrx_word' id='word_1_858' title='bbox 304 4618 397 4680; x_wconf 81' lang='grc' dir='ltr'>χοροῖς</span> <span class='ocrx_word' id='word_1_859' title='bbox 413 4615 449 4666; x_wconf 88' lang='grc' dir='ltr'><strong>τά</strong></span> <span class='ocrx_word' id='word_1_860' title='bbox 462 4614 591 4680; x_wconf 92' lang='grc' dir='ltr'>σχήματα</span> <span class='ocrx_word' id='word_1_861' title='bbox 608 4620 746 4670; x_wconf 79' lang='grc' dir='ltr'>ποιοῦντα</span> <span class='ocrx_word' id='word_1_862' title='bbox 761 4619 822 4669; x_wconf 80' lang='grc' dir='ltr'><strong>τῶν</strong></span> <span class='ocrx_word' id='word_1_863' title='bbox 838 4615 995 4680; x_wconf 83' lang='grc' dir='ltr'>ὀρχήσεων,</span> <span class='ocrx_word' id='word_1_864' title='bbox 1024 4630 1100 4664; x_wconf 88' lang='lat' dir='ltr'><strong>suum</strong></span> <span class='ocrx_word' id='word_1_865' title='bbox 1117 4613 1152 4663; x_wconf 94' lang='lat' dir='ltr'><strong>ab</strong></span> <span class='ocrx_word' id='word_1_866' title='bbox 1171 4614 1251 4664; x_wconf 88' lang='lat' dir='ltr'><strong>choro</strong></span> <span class='ocrx_word' id='word_1_867' title='bbox 1269 4617 1442 4664; x_wconf 87' lang='lat' dir='ltr'><strong>cantatorum</strong></span> <span class='ocrx_word' id='word_1_868' title='bbox 1460 4613 1513 4664; x_wconf 92' lang='lat' dir='ltr'><strong>etsi</strong></span> <span class='ocrx_word' id='word_1_869' title='bbox 1530 4611 1592 4662; x_wconf 89' lang='lat' dir='ltr'><strong>aliis</strong></span> <span class='ocrx_word' id='word_1_870' title='bbox 1613 4613 1642 4660; x_wconf 91' lang='lat' dir='ltr'><strong>in</strong></span> <span class='ocrx_word' id='word_1_871' title='bbox 1659 4611 1762 4662; x_wconf 86' lang='lat' dir='ltr'><strong>fabulis</strong></span> <span class='ocrx_word' id='word_1_872' title='bbox 1781 4610 1851 4662; x_wconf 87' lang='lat' dir='ltr'><strong>alius</strong></span> 
     </span>
     <span class='ocr_line' id='line_1_62' title="bbox 162 4678 1852 4804; baseline -0.005 -68"><span class='ocrx_word' id='word_1_873' title='bbox 162 4685 211 4736; x_wconf 84' lang='grc' dir='ltr'>καλ</span> <span class='ocrx_word' id='word_1_874' title='bbox 225 4683 300 4746; x_wconf 85' lang='grc' dir='ltr'>όλυις</span> <span class='ocrx_word' id='word_1_875' title='bbox 311 4685 405 4736; x_wconf 82' lang='grc' dir='ltr'>πάσαν</span> <span class='ocrx_word' id='word_1_876' title='bbox 417 4683 472 4747; x_wconf 87' lang='grc' dir='ltr'><strong>τὴν</strong></span> <span class='ocrx_word' id='word_1_877' title='bbox 483 4685 534 4804; x_wconf 66' lang='grc' dir='ltr'>τῆς</span> <span class='ocrx_word' id='word_1_878' title='bbox 546 4683 700 4750; x_wconf 84' lang='grc' dir='ltr'>τραγψδίας</span> <span class='ocrx_word' id='word_1_879' title='bbox 709 4682 872 4747; x_wconf 82' lang='grc' dir='ltr'>οἰκονομίαν</span> <span class='ocrx_word' id='word_1_880' title='bbox 884 4682 923 4747; x_wconf 88' lang='grc' dir='ltr'>εἰς</span> <span class='ocrx_word' id='word_1_881' title='bbox 935 4683 995 4736; x_wconf 74' lang='lat' dir='ltr'><strong>tao·</strong></span> <span class='ocrx_word' id='word_1_882' title='bbox 1024 4688 1079 4746; x_wconf 85' lang='lat' dir='ltr'><strong>est,</strong></span> <span class='ocrx_word' id='word_1_883' title='bbox 1099 4688 1191 4732; x_wconf 87' lang='lat' dir='ltr'><strong>tamen</strong></span> <span class='ocrx_word' id='word_1_884' title='bbox 1207 4683 1331 4733; x_wconf 90' lang='lat' dir='ltr'><strong>omnibus</strong></span> <span class='ocrx_word' id='word_1_885' title='bbox 1346 4681 1399 4732; x_wconf 93' lang='lat' dir='ltr'><strong>hoc</strong></span> <span class='ocrx_word' id='word_1_886' title='bbox 1418 4695 1557 4732; x_wconf 88' lang='lat' dir='ltr'><strong>commune</strong></span> <span class='ocrx_word' id='word_1_887' title='bbox 1574 4682 1616 4730; x_wconf 90' lang='lat' dir='ltr'><strong>est</strong></span> <span class='ocrx_word' id='word_1_888' title='bbox 1634 4678 1706 4743; x_wconf 88' lang='lat' dir='ltr'><strong>quod</strong></span> <span class='ocrx_word' id='word_1_889' title='bbox 1724 4683 1852 4743; x_wconf 86' lang='lat' dir='ltr'><strong>quattuor</strong></span> 
     </span>
     <span class='ocr_line' id='line_1_63' title="bbox 159 4746 1851 4817; baseline -0.005 -13"><span class='ocrx_word' id='word_1_890' title='bbox 159 4753 219 4806; x_wconf 88' lang='grc' dir='ltr'><strong>τόν</strong></span> <span class='ocrx_word' id='word_1_891' title='bbox 237 4754 389 4817; x_wconf 83' lang='grc' dir='ltr'>περιιστόν.</span> <span class='ocrx_word' id='word_1_892' title='bbox 418 4751 585 4816; x_wconf 84' lang='grc' dir='ltr'>ὑπεκρνετο</span> <span class='ocrx_word' id='word_1_893' title='bbox 601 4757 672 4816; x_wconf 82' lang='grc' dir='ltr'>γοῦν</span> <span class='ocrx_word' id='word_1_894' title='bbox 689 4753 821 4816; x_wconf 71' lang='lat' dir='ltr'><strong>peresos</strong></span> <span class='ocrx_word' id='word_1_895' title='bbox 840 4750 997 4814; x_wconf 84' lang='grc' dir='ltr'>ελκότοςτά</span> <span class='ocrx_word' id='word_1_896' title='bbox 1025 4753 1155 4816; x_wconf 88' lang='lat' dir='ltr'><strong>cuiusque</strong></span> <span class='ocrx_word' id='word_1_897' title='bbox 1172 4749 1283 4800; x_wconf 85' lang='lat' dir='ltr'><strong>fabulae</strong></span> <span class='ocrx_word' id='word_1_898' title='bbox 1300 4748 1396 4814; x_wconf 89' lang='grc' dir='ltr'>χορικά</span> <span class='ocrx_word' id='word_1_899' title='bbox 1413 4754 1491 4810; x_wconf 88' lang='lat' dir='ltr'><strong>eunt,</strong></span> <span class='ocrx_word' id='word_1_900' title='bbox 1508 4749 1525 4798; x_wconf 93' lang='lat' dir='ltr'><strong>i.</strong></span> <span class='ocrx_word' id='word_1_901' title='bbox 1538 4764 1561 4799; x_wconf 91' lang='lat' dir='ltr'><strong>e.</strong></span> <span class='ocrx_word' id='word_1_902' title='bbox 1578 4746 1700 4796; x_wconf 84' lang='lat' dir='ltr'><strong>carmina</strong></span> <span class='ocrx_word' id='word_1_903' title='bbox 1717 4748 1751 4796; x_wconf 93' lang='lat' dir='ltr'><strong>ab</strong></span> <span class='ocrx_word' id='word_1_904' title='bbox 1769 4746 1851 4796; x_wconf 86' lang='lat' dir='ltr'><strong>choro</strong></span> 
     </span>
     <span class='ocr_line' id='line_1_64' title="bbox 160 4814 1852 4887; baseline -0.005 -13"><span class='ocrx_word' id='word_1_905' title='bbox 160 4819 301 4886; x_wconf 82' lang='grc' dir='ltr'>δράματα.</span> <span class='ocrx_word' id='word_1_906' title='bbox 324 4819 528 4885; x_wconf 86' lang='grc' dir='ltr'>Ἀριστοφάνης</span> <span class='ocrx_word' id='word_1_907' title='bbox 539 4824 610 4884; x_wconf 81' lang='grc' dir='ltr'>γοῦν</span> <span class='ocrx_word' id='word_1_908' title='bbox 621 4849 654 4859; x_wconf 99' lang='grc'>-</span> <span class='ocrx_word' id='word_1_909' title='bbox 667 4822 744 4887; x_wconf 86' lang='grc' dir='ltr'>παρὰ</span> <span class='ocrx_word' id='word_1_910' title='bbox 755 4820 853 4883; x_wconf 63' lang='lat' dir='ltr'><strong>birote</strong></span> <span class='ocrx_word' id='word_1_911' title='bbox 865 4823 997 4884; x_wconf 82' lang='grc' dir='ltr'>κωμικοῖς</span> <span class='ocrx_word' id='word_1_912' title='bbox 1025 4823 1139 4869; x_wconf 86' lang='lat' dir='ltr'><strong>cantata</strong></span> <span class='ocrx_word' id='word_1_913' title='bbox 1152 4816 1234 4869; x_wconf 88' lang='lat' dir='ltr'><strong>nullis</strong></span> <span class='ocrx_word' id='word_1_914' title='bbox 1250 4818 1416 4868; x_wconf 87' lang='lat' dir='ltr'><strong>histrionum</strong></span> <span class='ocrx_word' id='word_1_915' title='bbox 1434 4816 1476 4867; x_wconf 91' lang='lat' dir='ltr'><strong>vel</strong></span> <span class='ocrx_word' id='word_1_916' title='bbox 1490 4815 1658 4866; x_wconf 86' lang='lat' dir='ltr'><strong>sermonibus</strong></span> <span class='ocrx_word' id='word_1_917' title='bbox 1675 4814 1720 4866; x_wconf 87' lang='lat' dir='ltr'><strong>vel</strong></span> <span class='ocrx_word' id='word_1_918' title='bbox 1734 4816 1852 4866; x_wconf 86' lang='lat' dir='ltr'><strong>canticis</strong></span> 
     </span>
     <span class='ocr_line' id='line_1_65' title="bbox 159 4884 1851 4954; baseline -0.005 -14"><span class='ocrx_word' id='word_1_919' title='bbox 159 4889 262 4953; x_wconf 85' lang='grc' dir='ltr'>ήπερλ</span> <span class='ocrx_word' id='word_1_920' title='bbox 273 4889 335 4940; x_wconf 79' lang='grc' dir='ltr'><strong>τῶν</strong></span> <span class='ocrx_word' id='word_1_921' title='bbox 345 4891 486 4954; x_wconf 84' lang='grc' dir='ltr'>τραγικῶν</span> <span class='ocrx_word' id='word_1_922' title='bbox 503 4887 650 4941; x_wconf 82' lang='grc' dir='ltr'>ἀπόκειται</span> <span class='ocrx_word' id='word_1_923' title='bbox 667 4889 890 4952; x_wconf 71' lang='grc' dir='ltr'>πίστις-ποιά</span> <span class='ocrx_word' id='word_1_924' title='bbox 908 4887 997 4940; x_wconf 83' lang='grc' dir='ltr'>αὐτόν</span> <span class='ocrx_word' id='word_1_925' title='bbox 1024 4889 1187 4952; x_wconf 87' lang='lat' dir='ltr'><strong>interrupta.</strong></span> <span class='ocrx_word' id='word_1_926' title='bbox 1224 4885 1303 4950; x_wconf 77' lang='lat' dir='ltr'><strong>Quod</strong></span> <span class='ocrx_word' id='word_1_927' title='bbox 1316 4886 1351 4936; x_wconf 91' lang='lat' dir='ltr'><strong>ab</strong></span> <span class='ocrx_word' id='word_1_928' title='bbox 1363 4884 1500 4950; x_wconf 86' lang='lat' dir='ltr'><strong>Aeschylo</strong></span> <span class='ocrx_word' id='word_1_929' title='bbox 1516 4884 1616 4949; x_wconf 84' lang='lat' dir='ltr'><strong>primo,</strong></span> <span class='ocrx_word' id='word_1_930' title='bbox 1634 4898 1688 4934; x_wconf 91' lang='lat' dir='ltr'><strong>non</strong></span> <span class='ocrx_word' id='word_1_931' title='bbox 1701 4887 1851 4949; x_wconf 85' lang='lat' dir='ltr'><strong>praeeunte</strong></span> 
     </span>
     <span class='ocr_line' id='line_1_66' title="bbox 160 4951 1852 5024; baseline -0.004 -15"><span class='ocrx_word' id='word_1_932' title='bbox 160 4953 306 5020; x_wconf 76' lang='grc' dir='ltr'>Αἰσχύλον</span> <span class='ocrx_word' id='word_1_933' title='bbox 329 4955 449 5020; x_wconf 78' lang='grc' dir='ltr'>λέγοντα</span> <span class='ocrx_word' id='word_1_934' title='bbox 476 4955 569 5010; x_wconf 75' lang='grc' dir='ltr'><strong>ιιτοῖσι</strong></span> <span class='ocrx_word' id='word_1_935' title='bbox 592 4961 685 5024; x_wconf 81' lang='grc' dir='ltr'>χοροῖς</span> <span class='ocrx_word' id='word_1_936' title='bbox 708 4957 795 5020; x_wconf 83' lang='grc' dir='ltr'>αὐτός</span> <span class='ocrx_word' id='word_1_937' title='bbox 818 4956 854 5008; x_wconf 86' lang='grc' dir='ltr'><strong>τά</strong></span> <span class='ocrx_word' id='word_1_938' title='bbox 877 4955 997 5021; x_wconf 84' lang='grc' dir='ltr'>σχήματ’</span> <span class='ocrx_word' id='word_1_939' title='bbox 1024 4955 1178 5018; x_wconf 90' lang='lat' dir='ltr'><strong>Phrynicho</strong></span> <span class='ocrx_word' id='word_1_940' title='bbox 1188 4952 1279 5005; x_wconf 91' lang='lat' dir='ltr'><strong>aliove</strong></span> <span class='ocrx_word' id='word_1_941' title='bbox 1290 4957 1382 5020; x_wconf 88' lang='lat' dir='ltr'><strong>poeta,</strong></span> <span class='ocrx_word' id='word_1_942' title='bbox 1396 4954 1436 5004; x_wconf 92' lang='lat' dir='ltr'><strong>sic</strong></span> <span class='ocrx_word' id='word_1_943' title='bbox 1450 4967 1510 5002; x_wconf 88' lang='lat' dir='ltr'><strong>esse</strong></span> <span class='ocrx_word' id='word_1_944' title='bbox 1523 4952 1679 5002; x_wconf 88' lang='lat' dir='ltr'><strong>institutum</strong></span> <span class='ocrx_word' id='word_1_945' title='bbox 1691 4951 1777 5002; x_wconf 89' lang='lat' dir='ltr'><strong>nihilo</strong></span> <span class='ocrx_word' id='word_1_946' title='bbox 1790 4967 1852 5016; x_wconf 89' lang='lat' dir='ltr'><strong>pro·</strong></span> 
     </span>
     <span class='ocr_line' id='line_1_67' title="bbox 158 5018 1852 5091; baseline -0.005 -15"><span class='ocrx_word' id='word_1_947' title='bbox 158 5023 306 5077; x_wconf 71' lang='lat' dir='ltr'><strong>iirolouv.n</strong></span> <span class='ocrx_word' id='word_1_948' title='bbox 329 5024 374 5075; x_wconf 82' lang='grc' dir='ltr'>καὶ</span> <span class='ocrx_word' id='word_1_949' title='bbox 386 5023 471 5076; x_wconf 89' lang='grc' dir='ltr'>πάλιν</span> <span class='ocrx_word' id='word_1_950' title='bbox 488 5023 571 5088; x_wconf 63' lang='grc' dir='ltr'>’ποὺς</span> <span class='ocrx_word' id='word_1_951' title='bbox 582 5025 694 5091; x_wconf 87' lang='grc' dir='ltr'>Φρύγας</span> <span class='ocrx_word' id='word_1_952' title='bbox 706 5023 768 5078; x_wconf 80' lang='grc' dir='ltr'>οἶδα</span> <span class='ocrx_word' id='word_1_953' title='bbox 781 5027 907 5090; x_wconf 85' lang='grc' dir='ltr'>θεωρῶν,</span> <span class='ocrx_word' id='word_1_954' title='bbox 923 5023 927 5090; x_wconf 95' lang='grc' dir='ltr'>Ι</span> <span class='ocrx_word' id='word_1_955' title='bbox 946 5025 996 5076; x_wconf 89' lang='grc' dir='ltr'><strong>ότε</strong></span> <span class='ocrx_word' id='word_1_956' title='bbox 1023 5023 1143 5074; x_wconf 85' lang='lat' dir='ltr'><strong>habilius</strong></span> <span class='ocrx_word' id='word_1_957' title='bbox 1166 5027 1209 5074; x_wconf 87' lang='lat' dir='ltr'><strong>eat</strong></span> <span class='ocrx_word' id='word_1_958' title='bbox 1233 5037 1315 5087; x_wconf 92' lang='lat' dir='ltr'><strong>quam</strong></span> <span class='ocrx_word' id='word_1_959' title='bbox 1340 5020 1497 5087; x_wconf 85' lang='lat' dir='ltr'><strong>tragoediae</strong></span> <span class='ocrx_word' id='word_1_960' title='bbox 1521 5018 1681 5070; x_wconf 87' lang='lat' dir='ltr'><strong>divisionem</strong></span> <span class='ocrx_word' id='word_1_961' title='bbox 1706 5019 1734 5068; x_wconf 90' lang='lat' dir='ltr'><strong>in</strong></span> <span class='ocrx_word' id='word_1_962' title='bbox 1758 5025 1852 5086; x_wconf 86' lang='lat' dir='ltr'><strong>partes</strong></span> 
     </span>
     <span class='ocr_line' id='line_1_68' title="bbox 158 5086 1851 5178; baseline -0.005 -34"><span class='ocrx_word' id='word_1_963' title='bbox 158 5097 205 5158; x_wconf 79' lang='grc' dir='ltr'>τῷ</span> <span class='ocrx_word' id='word_1_964' title='bbox 221 5092 336 5159; x_wconf 81' lang='grc' dir='ltr'>Πριάμῳ</span> <span class='ocrx_word' id='word_1_965' title='bbox 349 5091 553 5156; x_wconf 88' lang='grc' dir='ltr'>συλλυσόμενοι</span> <span class='ocrx_word' id='word_1_966' title='bbox 564 5093 617 5145; x_wconf 91' lang='grc' dir='ltr'><strong>τόν</strong></span> <span class='ocrx_word' id='word_1_967' title='bbox 629 5093 705 5146; x_wconf 77' lang='grc' dir='ltr'>παῖδ’</span> <span class='ocrx_word' id='word_1_968' title='bbox 717 5093 806 5158; x_wconf 83' lang='grc' dir='ltr'>ἦλθον</span> <span class='ocrx_word' id='word_1_969' title='bbox 818 5093 999 5178; x_wconf 32' lang='lat' dir='ltr'><strong>croacasin(</strong></span> <span class='ocrx_word' id='word_1_970' title='bbox 1024 5097 1154 5157; x_wconf 83' lang='lat' dir='ltr'><strong>quattuor</strong></span> <span class='ocrx_word' id='word_1_971' title='bbox 1169 5090 1205 5140; x_wconf 89' lang='lat' dir='ltr'><strong>ab</strong></span> <span class='ocrx_word' id='word_1_972' title='bbox 1219 5105 1252 5140; x_wconf 92' lang='lat' dir='ltr'><strong>eo</strong></span> <span class='ocrx_word' id='word_1_973' title='bbox 1264 5092 1405 5141; x_wconf 87' lang='lat' dir='ltr'><strong>inventam</strong></span> <span class='ocrx_word' id='word_1_974' title='bbox 1422 5103 1496 5151; x_wconf 88' lang='lat' dir='ltr'><strong>esse,</strong></span> <span class='ocrx_word' id='word_1_975' title='bbox 1514 5087 1548 5137; x_wconf 90' lang='lat' dir='ltr'><strong>de</strong></span> <span class='ocrx_word' id='word_1_976' title='bbox 1565 5088 1663 5152; x_wconf 83' lang='lat' dir='ltr'><strong>quibus</strong></span> <span class='ocrx_word' id='word_1_977' title='bbox 1675 5086 1744 5137; x_wconf 89' lang='lat' dir='ltr'><strong>haec</strong></span> <span class='ocrx_word' id='word_1_978' title='bbox 1757 5086 1851 5152; x_wconf 84' lang='lat' dir='ltr'><strong>legun-</strong></span> 
     </span>
     <span class='ocr_line' id='line_1_69' title="bbox 158 5151 1852 5227; baseline -0.005 -13"><span class='ocrx_word' id='word_1_979' title='bbox 158 5160 258 5214; x_wconf 85' lang='grc' dir='ltr'>πολλό</span> <span class='ocrx_word' id='word_1_980' title='bbox 273 5161 381 5213; x_wconf 73' lang='grc' dir='ltr'>τοιαυτὶ</span> <span class='ocrx_word' id='word_1_981' title='bbox 398 5161 443 5214; x_wconf 81' lang='grc' dir='ltr'>καλ</span> <span class='ocrx_word' id='word_1_982' title='bbox 459 5162 568 5213; x_wconf 81' lang='grc' dir='ltr'>τοιαυτὶ</span> <span class='ocrx_word' id='word_1_983' title='bbox 583 5162 630 5214; x_wconf 82' lang='grc' dir='ltr'>καλ</span> <span class='ocrx_word' id='word_1_984' title='bbox 646 5161 728 5227; x_wconf 79' lang='grc' dir='ltr'>δεῦρο</span> <span class='ocrx_word' id='word_1_985' title='bbox 749 5159 979 5227; x_wconf 77' lang='grc' dir='ltr'>σχηματίσαντες.</span> <span class='ocrx_word' id='word_1_986' title='bbox 1025 5168 1068 5210; x_wconf 87' lang='lat' dir='ltr'><strong>tur</strong></span> <span class='ocrx_word' id='word_1_987' title='bbox 1080 5159 1152 5226; x_wconf 86' lang='lat' dir='ltr'><strong>apud</strong></span> <span class='ocrx_word' id='word_1_988' title='bbox 1164 5158 1342 5210; x_wconf 83' lang='lat' dir='ltr'><strong>Aristotelem</strong></span> <span class='ocrx_word' id='word_1_989' title='bbox 1355 5158 1432 5208; x_wconf 84' lang='lat' dir='ltr'><strong>Post.</strong></span> <span class='ocrx_word' id='word_1_990' title='bbox 1446 5172 1468 5205; x_wconf 86' lang='lat' dir='ltr'><strong>o.</strong></span> <span class='ocrx_word' id='word_1_991' title='bbox 1479 5158 1518 5206; x_wconf 81' lang='lat'><strong>12.</strong></span> <span class='ocrx_word' id='word_1_992' title='bbox 1531 5153 1601 5220; x_wconf 85' lang='grc' dir='ltr'>μέρη</span> <span class='ocrx_word' id='word_1_993' title='bbox 1611 5153 1642 5205; x_wconf 83' lang='grc' dir='ltr'><strong>δὲ</strong></span> <span class='ocrx_word' id='word_1_994' title='bbox 1653 5151 1810 5220; x_wconf 83' lang='grc' dir='ltr'>τραγῳδίας</span> <span class='ocrx_word' id='word_1_995' title='bbox 1819 5179 1852 5190; x_wconf 84' lang='grc'>-</span> 
     </span>
     <span class='ocr_line' id='line_1_70' title="bbox 159 5218 1851 5297; baseline -0.004 -17"><span class='ocrx_word' id='word_1_996' title='bbox 159 5230 359 5296; x_wconf 83' lang='lat' dir='ltr'><strong>Aristophanis</strong></span> <span class='ocrx_word' id='word_1_997' title='bbox 371 5245 468 5282; x_wconf 87' lang='lat' dir='ltr'><strong>versus</strong></span> <span class='ocrx_word' id='word_1_998' title='bbox 480 5246 514 5282; x_wconf 81' lang='lat' dir='ltr'><strong>ex</strong></span> <span class='ocrx_word' id='word_1_999' title='bbox 524 5230 695 5282; x_wconf 90' lang='lat' dir='ltr'><strong>Danaidibus</strong></span> <span class='ocrx_word' id='word_1_1000' title='bbox 705 5231 808 5297; x_wconf 88' lang='lat' dir='ltr'><strong>petitos</strong></span> <span class='ocrx_word' id='word_1_1001' title='bbox 818 5230 905 5282; x_wconf 88' lang='lat' dir='ltr'><strong>videri</strong></span> <span class='ocrx_word' id='word_1_1002' title='bbox 915 5243 996 5295; x_wconf 89' lang='lat' dir='ltr'><strong>posse</strong></span> <span class='ocrx_word' id='word_1_1003' title='bbox 1024 5225 1095 5279; x_wconf 87' lang='grc' dir='ltr'>κατά</span> <span class='ocrx_word' id='word_1_1004' title='bbox 1110 5225 1145 5278; x_wconf 91' lang='grc' dir='ltr'>τό</span> <span class='ocrx_word' id='word_1_1005' title='bbox 1162 5225 1255 5278; x_wconf 92' lang='grc' dir='ltr'>ποσόν</span> <span class='ocrx_word' id='word_1_1006' title='bbox 1273 5225 1317 5276; x_wconf 83' lang='grc' dir='ltr'>καὶ</span> <span class='ocrx_word' id='word_1_1007' title='bbox 1335 5222 1373 5286; x_wconf 82' lang='grc' dir='ltr'>εἰς</span> <span class='ocrx_word' id='word_1_1008' title='bbox 1390 5223 1408 5274; x_wconf 88' lang='lat' dir='ltr'><strong>li</strong></span> <span class='ocrx_word' id='word_1_1009' title='bbox 1424 5223 1565 5288; x_wconf 79' lang='grc' dir='ltr'>διαιρεῖται</span> <span class='ocrx_word' id='word_1_1010' title='bbox 1583 5221 1773 5286; x_wconf 85' lang='grc' dir='ltr'>κεχωρισμένα</span> <span class='ocrx_word' id='word_1_1011' title='bbox 1784 5218 1851 5274; x_wconf 90' lang='grc' dir='ltr'>τάδε</span> 
     </span>
     <span class='ocr_line' id='line_1_71' title="bbox 159 5288 1852 5364; baseline -0.005 -15"><span class='ocrx_word' id='word_1_1012' title='bbox 159 5299 223 5349; x_wconf 88' lang='lat' dir='ltr'><strong>dixi</strong></span> <span class='ocrx_word' id='word_1_1013' title='bbox 234 5299 271 5348; x_wconf 85' lang='lat' dir='ltr'><strong>sd</strong></span> <span class='ocrx_word' id='word_1_1014' title='bbox 284 5299 381 5364; x_wconf 80' lang='lat' dir='ltr'><strong>fragm.</strong></span> <span class='ocrx_word' id='word_1_1015' title='bbox 395 5301 452 5349; x_wconf 75' lang='lat'>250.</span> <span class='ocrx_word' id='word_1_1016' title='bbox 469 5299 498 5348; x_wconf 89' lang='lat' dir='ltr'><strong>in</strong></span> <span class='ocrx_word' id='word_1_1017' title='bbox 516 5298 559 5352; x_wconf 91' lang='lat' dir='ltr'><strong>ed.</strong></span> <span class='ocrx_word' id='word_1_1018' title='bbox 572 5297 659 5353; x_wconf 80' lang='lat' dir='ltr'><strong>Oion.</strong></span> <span class='ocrx_word' id='word_1_1019' title='bbox 673 5297 710 5364; x_wconf 90' lang='lat' dir='ltr'><strong>(a.</strong></span> <span class='ocrx_word' id='word_1_1020' title='bbox 724 5299 811 5361; x_wconf 82' lang='lat' dir='ltr'><strong>isso.)</strong></span> <span class='ocrx_word' id='word_1_1021' title='bbox 824 5315 849 5364; x_wconf 91' lang='grc' dir='ltr'>ρ.</span> <span class='ocrx_word' id='word_1_1022' title='bbox 862 5299 919 5349; x_wconf 77' lang='lat' dir='ltr'><strong>(iol.</strong></span> <span class='ocrx_word' id='word_1_1023' title='bbox 932 5297 996 5361; x_wconf 86' lang='lat' dir='ltr'><strong>nisi,</strong></span> <span class='ocrx_word' id='word_1_1024' title='bbox 1024 5293 1096 5358; x_wconf 76' lang='grc' dir='ltr'>ἐστὶ,</span> <span class='ocrx_word' id='word_1_1025' title='bbox 1114 5293 1267 5360; x_wconf 89' lang='grc' dir='ltr'>πρόλογος,</span> <span class='ocrx_word' id='word_1_1026' title='bbox 1284 5291 1453 5356; x_wconf 81' lang='grc' dir='ltr'>ἐπεισόδιον,</span> <span class='ocrx_word' id='word_1_1027' title='bbox 1467 5291 1573 5354; x_wconf 82' lang='grc' dir='ltr'>ἔξοδος,</span> <span class='ocrx_word' id='word_1_1028' title='bbox 1586 5288 1712 5355; x_wconf 90' lang='grc' dir='ltr'>χορικόν,</span> <span class='ocrx_word' id='word_1_1029' title='bbox 1731 5290 1776 5340; x_wconf 86' lang='grc' dir='ltr'>καλ</span> <span class='ocrx_word' id='word_1_1030' title='bbox 1788 5290 1852 5341; x_wconf 85' lang='grc' dir='ltr'>τοὺ-</span> 
     </span>
     <span class='ocr_line' id='line_1_72' title="bbox 160 5355 1852 5438; baseline -0.004 -22"><span class='ocrx_word' id='word_1_1031' title='bbox 160 5365 237 5432; x_wconf 89' lang='lat' dir='ltr'><strong>quod</strong></span> <span class='ocrx_word' id='word_1_1032' title='bbox 249 5365 352 5416; x_wconf 88' lang='lat' dir='ltr'><strong>ibidem</strong></span> <span class='ocrx_word' id='word_1_1033' title='bbox 368 5383 394 5432; x_wconf 91' lang='lat' dir='ltr'><strong>p.</strong></span> <span class='ocrx_word' id='word_1_1034' title='bbox 408 5368 466 5418; x_wconf 77' lang='lat' dir='ltr'><strong>tlt.</strong></span> <span class='ocrx_word' id='word_1_1035' title='bbox 485 5367 669 5432; x_wconf 87' lang='lat' dir='ltr'><strong>conieceram,</strong></span> <span class='ocrx_word' id='word_1_1036' title='bbox 688 5383 721 5418; x_wconf 85' lang='lat' dir='ltr'><strong>ex</strong></span> <span class='ocrx_word' id='word_1_1037' title='bbox 739 5366 916 5418; x_wconf 90' lang='lat' dir='ltr'><strong>Pherecratis</strong></span> <span class='ocrx_word' id='word_1_1038' title='bbox 930 5363 996 5430; x_wconf 90' lang='grc' dir='ltr'>Κρα-</span> <span class='ocrx_word' id='word_1_1039' title='bbox 1024 5377 1075 5415; x_wconf 93' lang='grc' dir='ltr'>του</span> <span class='ocrx_word' id='word_1_1040' title='bbox 1086 5362 1121 5413; x_wconf 90' lang='grc' dir='ltr'>τό</span> <span class='ocrx_word' id='word_1_1041' title='bbox 1134 5361 1185 5427; x_wconf 78' lang='grc' dir='ltr'><strong>μὲν</strong></span> <span class='ocrx_word' id='word_1_1042' title='bbox 1198 5361 1333 5426; x_wconf 87' lang='grc' dir='ltr'>πάροδος,</span> <span class='ocrx_word' id='word_1_1043' title='bbox 1350 5359 1385 5412; x_wconf 87' lang='grc' dir='ltr'>τό</span> <span class='ocrx_word' id='word_1_1044' title='bbox 1398 5359 1428 5411; x_wconf 83' lang='grc' dir='ltr'><strong>δὲ</strong></span> <span class='ocrx_word' id='word_1_1045' title='bbox 1440 5358 1591 5424; x_wconf 89' lang='grc' dir='ltr'>στάσιμον,</span> <span class='ocrx_word' id='word_1_1046' title='bbox 1600 5356 1688 5438; x_wconf 59' lang='grc' dir='ltr'><strong>ικοινά</strong></span> <span class='ocrx_word' id='word_1_1047' title='bbox 1700 5357 1752 5420; x_wconf 82' lang='grc' dir='ltr'><strong>μὲν</strong></span> <span class='ocrx_word' id='word_1_1048' title='bbox 1764 5355 1852 5410; x_wconf 84' lang='grc' dir='ltr'>ἁπάν-</span> 
     </span>
     <span class='ocr_line' id='line_1_73' title="bbox 160 5423 1852 5501; baseline -0.005 -15"><span class='ocrx_word' id='word_1_1049' title='bbox 160 5430 302 5496; x_wconf 86' lang='grc' dir='ltr'>πατάλοις</span> <span class='ocrx_word' id='word_1_1050' title='bbox 319 5435 400 5484; x_wconf 90' lang='lat' dir='ltr'><strong>sumti</strong></span> <span class='ocrx_word' id='word_1_1051' title='bbox 417 5433 485 5498; x_wconf 89' lang='lat' dir='ltr'><strong>sint,</strong></span> <span class='ocrx_word' id='word_1_1052' title='bbox 502 5451 535 5486; x_wconf 85' lang='lat' dir='ltr'><strong>ex</strong></span> <span class='ocrx_word' id='word_1_1053' title='bbox 554 5450 607 5501; x_wconf 89' lang='lat' dir='ltr'><strong>qua</strong></span> <span class='ocrx_word' id='word_1_1054' title='bbox 620 5435 716 5486; x_wconf 83' lang='lat' dir='ltr'><strong>fabula</strong></span> <span class='ocrx_word' id='word_1_1055' title='bbox 734 5434 819 5486; x_wconf 86' lang='lat' dir='ltr'><strong>schol.</strong></span> <span class='ocrx_word' id='word_1_1056' title='bbox 835 5434 920 5486; x_wconf 87' lang='lat' dir='ltr'><strong>Arist.</strong></span> <span class='ocrx_word' id='word_1_1057' title='bbox 932 5433 997 5483; x_wconf 90' lang='lat' dir='ltr'><strong>Pac.</strong></span> <span class='ocrx_word' id='word_1_1058' title='bbox 1024 5445 1085 5484; x_wconf 83' lang='grc' dir='ltr'>τυνν</span> <span class='ocrx_word' id='word_1_1059' title='bbox 1097 5433 1199 5496; x_wconf 80' lang='grc' dir='ltr'>ταῦτα,</span> <span class='ocrx_word' id='word_1_1060' title='bbox 1218 5429 1273 5481; x_wconf 81' lang='grc' dir='ltr'>ἴδια</span> <span class='ocrx_word' id='word_1_1061' title='bbox 1285 5429 1315 5480; x_wconf 85' lang='grc' dir='ltr'>δέ</span> <span class='ocrx_word' id='word_1_1062' title='bbox 1326 5427 1361 5480; x_wconf 84' lang='grc' dir='ltr'><strong>τά</strong></span> <span class='ocrx_word' id='word_1_1063' title='bbox 1373 5427 1431 5480; x_wconf 84' lang='grc' dir='ltr'><strong>ἀπὸ</strong></span> <span class='ocrx_word' id='word_1_1064' title='bbox 1444 5430 1551 5492; x_wconf 85' lang='grc' dir='ltr'>σκηνῆς</span> <span class='ocrx_word' id='word_1_1065' title='bbox 1563 5440 1608 5478; x_wconf 90' lang='grc' dir='ltr'>και</span> <span class='ocrx_word' id='word_1_1066' title='bbox 1621 5423 1734 5490; x_wconf 73' lang='grc' dir='ltr'>κομμοίτ</span> <span class='ocrx_word' id='word_1_1067' title='bbox 1753 5425 1785 5478; x_wconf 95' lang='lat' dir='ltr'><strong>de</strong></span> <span class='ocrx_word' id='word_1_1068' title='bbox 1799 5443 1852 5492; x_wconf 88' lang='lat' dir='ltr'><strong>quo</strong></span> 
     </span>
     <span class='ocr_line' id='line_1_74' title="bbox 161 5491 1852 5567; baseline -0.005 -14"><span class='ocrx_word' id='word_1_1069' title='bbox 161 5504 224 5554; x_wconf 75' lang='grc'>748.</span> <span class='ocrx_word' id='word_1_1070' title='bbox 237 5501 311 5552; x_wconf 89' lang='lat' dir='ltr'><strong>hunc</strong></span> <span class='ocrx_word' id='word_1_1071' title='bbox 327 5501 442 5567; x_wconf 91' lang='lat' dir='ltr'><strong>protulit</strong></span> <span class='ocrx_word' id='word_1_1072' title='bbox 454 5516 560 5555; x_wconf 85' lang='lat' dir='ltr'><strong>versum</strong></span> <span class='ocrx_word' id='word_1_1073' title='bbox 578 5504 613 5553; x_wconf 86' lang='lat' dir='ltr'><strong>ab</strong></span> <span class='ocrx_word' id='word_1_1074' title='bbox 626 5499 763 5567; x_wconf 81' lang='lat' dir='ltr'><strong>Aeschylo</strong></span> <span class='ocrx_word' id='word_1_1075' title='bbox 782 5503 997 5567; x_wconf 87' lang='lat' dir='ltr'><strong>pronuntiatum,</strong></span> <span class='ocrx_word' id='word_1_1076' title='bbox 1026 5501 1086 5550; x_wconf 94' lang='lat' dir='ltr'><strong>loco</strong></span> <span class='ocrx_word' id='word_1_1077' title='bbox 1099 5504 1128 5550; x_wconf 90' lang='lat' dir='ltr'><strong>et</strong></span> <span class='ocrx_word' id='word_1_1078' title='bbox 1139 5499 1302 5566; x_wconf 87' lang='lat' dir='ltr'><strong>praesertim</strong></span> <span class='ocrx_word' id='word_1_1079' title='bbox 1318 5497 1351 5548; x_wconf 92' lang='lat' dir='ltr'><strong>de</strong></span> <span class='ocrx_word' id='word_1_1080' title='bbox 1365 5513 1416 5548; x_wconf 88' lang='lat' dir='ltr'><strong>usu</strong></span> <span class='ocrx_word' id='word_1_1081' title='bbox 1433 5496 1563 5548; x_wconf 86' lang='lat' dir='ltr'><strong>vocabuli</strong></span> <span class='ocrx_word' id='word_1_1082' title='bbox 1581 5491 1717 5556; x_wconf 86' lang='grc' dir='ltr'>στάσιμον</span> <span class='ocrx_word' id='word_1_1083' title='bbox 1732 5493 1852 5560; x_wconf 90' lang='lat' dir='ltr'><strong>legenda</strong></span> 
     </span>
     <span class='ocr_line' id='line_1_75' title="bbox 160 5563 1852 5645; baseline -0.005 -23"><span class='ocrx_word' id='word_1_1084' title='bbox 160 5569 242 5631; x_wconf 77' lang='grc' dir='ltr'>ὅστις</span> <span class='ocrx_word' id='word_1_1085' title='bbox 252 5569 280 5632; x_wconf 84' lang='grc' dir='ltr'><strong>γ’</strong></span> <span class='ocrx_word' id='word_1_1086' title='bbox 292 5567 387 5632; x_wconf 79' lang='grc' dir='ltr'>αὐτοῖς</span> <span class='ocrx_word' id='word_1_1087' title='bbox 399 5567 550 5634; x_wconf 89' lang='grc' dir='ltr'>παρέδωκα</span> <span class='ocrx_word' id='word_1_1088' title='bbox 566 5569 671 5636; x_wconf 84' lang='grc' dir='ltr'>τέχνην</span> <span class='ocrx_word' id='word_1_1089' title='bbox 684 5569 810 5636; x_wconf 84' lang='grc' dir='ltr'>μεγάλην</span> <span class='ocrx_word' id='word_1_1090' title='bbox 824 5568 997 5634; x_wconf 83' lang='grc' dir='ltr'>ἐξοικοδαμὴ-</span> <span class='ocrx_word' id='word_1_1091' title='bbox 1024 5569 1057 5619; x_wconf 79' lang='lat' dir='ltr'><strong>P.</strong></span> <span class='ocrx_word' id='word_1_1092' title='bbox 1082 5567 1247 5618; x_wconf 79' lang='lat' dir='ltr'><strong>hachamoni</strong></span> <span class='ocrx_word' id='word_1_1093' title='bbox 1271 5565 1462 5617; x_wconf 86' lang='lat' dir='ltr'><strong>commentatio</strong></span> <span class='ocrx_word' id='word_1_1094' title='bbox 1486 5564 1599 5645; x_wconf 76' lang='lat' dir='ltr'><strong>Lipsiae</strong></span> <span class='ocrx_word' id='word_1_1095' title='bbox 1625 5563 1700 5614; x_wconf 89' lang='lat' dir='ltr'><strong>edita</strong></span> <span class='ocrx_word' id='word_1_1096' title='bbox 1727 5579 1752 5614; x_wconf 88' lang='lat' dir='ltr'><strong>a.</strong></span> <span class='ocrx_word' id='word_1_1097' title='bbox 1778 5564 1852 5614; x_wconf 80' lang='lat' dir='ltr'><strong>issa.</strong></span> 
     </span>
     <span class='ocr_line' id='line_1_76' title="bbox 160 5629 1853 5774; baseline -0.005 -17"><span class='ocrx_word' id='word_1_1098' title='bbox 160 5638 672 5772; x_wconf 65' lang='lat' dir='ltr'><strong>itiitiltlrittilitttuti</strong></span> <span class='ocrx_word' id='word_1_1099' title='bbox 684 5638 998 5774; x_wconf 56' lang='lat' dir='ltr'><strong>restuititur·</strong></span> <span class='ocrx_word' id='word_1_1100' title='bbox 1025 5629 1853 5768; x_wconf 57' lang='lat' dir='ltr'><strong>‘Uliittitiitttltliiiidtttttittim</strong></span> 
     </span>
    </p>

    <p class='ocr_par' dir='ltr' id='par_1_12' title="bbox 991 5737 1756 5762">
     <span class='ocr_line' id='line_1_77' title="bbox 991 5737 1756 5762; baseline -0.005 4"><span class='ocrx_word' id='word_1_1101' title='bbox 991 5744 996 5754; x_wconf 88' lang='lat'>·</span> <span class='ocrx_word' id='word_1_1102' title='bbox 1750 5737 1756 5762; x_wconf 89' lang='grc' dir='ltr'>ι</span> 
     </span>
    </p>
   </div>
   <div class='ocr_carea' id='block_1_11' title="bbox 216 5783 1650 5842">
    <p class='ocr_par' dir='ltr' id='par_1_13' title="bbox 216 5783 1650 5842">
     <span class='ocr_line' id='line_1_78' title="bbox 216 5783 1650 5842; baseline 0.006 -2"><span class='ocrx_word' id='word_1_1103' title='bbox 216 5805 431 5842; x_wconf 68' lang='lat' dir='ltr'><strong>PROLSGOHENA·</strong></span> <span class='ocrx_word' id='word_1_1104' title='bbox 1632 5783 1650 5840; x_wconf 74' lang='lat'><strong>2</strong></span> 
     </span>
    </p>
   </div>
   <div class='ocr_carea' id='block_1_12' title="bbox 0 0 2190 6613">
    <p class='ocr_par' dir='ltr' id='par_1_14' title="bbox 0 0 2190 6613">
     <span class='ocr_line' id='line_1_79' title="bbox 0 0 2190 6613; baseline 0 0"><span class='ocrx_word' id='word_1_1105' title='bbox 0 0 2190 6613; x_wconf 95' lang='lat' dir='ltr'><strong> </strong></span> 
     </span>
    </p>
   </div>
  </div>
 </body>
</html>
