4372 6614
226 3815 229 3822 ,
330 3767 386 3815 iam
404 3763 554 3829 Sophocles
571 3761 803 3828 iudicaveratau,
821 3778 953 3828 personas
970 3769 1159 3829 repraesenta-

323 485 364 550 20
974 483 1073 535 VITA
1102 485 1336 536 EURIPIDIS.

324 643 448 702 venerat,
462 655 542 704 quam
553 638 714 705 Sophoclem
728 639 852 689 effecisse
865 645 895 689 ut
905 639 1018 690 minoris
1027 639 1154 690 aestima·
1181 654 1233 704 quo
1246 637 1366 688 videnda
1379 652 1448 703 quaa
1463 636 1672 688 O.Ribbeclrius
1684 636 1798 702 collegit
1810 638 1839 686 in
1850 635 2008 702 Fragrasatis

323 714 399 760 retur
411 709 566 773 Euripides,
581 708 652 772 quod
662 707 822 772 planissime
832 706 998 772 intelligitur
1010 723 1043 756 ex
1057 722 1154 758 severa
1180 708 1332 770 tragicorum
1345 707 1502 758 Latinorum.

323 791 456 842 quaeum
473 777 673 842 Aristophanes
690 790 770 840 quum
792 773 855 825 aliis
871 775 899 824 in
917 775 1018 826 fabulis
1038 775 1101 824 inda
1119 777 1154 825 ab
1230 777 1273 825 De
1290 791 1401 825 numero
1419 775 1574 825 fabularum
1590 774 1729 839 Euripidis
1750 772 1874 824 nonnihil
1890 773 1963 822 inter
1979 786 2008 821 se

325 845 423 909 olymp.
436 845 478 895 88.
496 845 567 895 actis
579 844 676 894 affecit
688 857 816 904 censura,
834 847 892 892 tum
904 858 953 908 per
966 847 1052 894 totam
1064 845 1155 894 Rana·
1182 841 1340 908 discrepant
1351 843 1507 908 biographi,
1519 841 1846 908 aliislsuprap,19,181.)
1857 839 2009 904 nonaginta

324 928 383 962 rum
396 910 578 975 comoediam,
592 911 688 977 paucis
701 915 763 976 post
775 915 890 960 mortem
901 911 1041 976 Euripidis
1054 912 1154 961 mensi·
1182 911 1251 961 duas
1263 910 1472 962 numerantibus
1485 910 1610 976 (quarum
1622 909 1759 962 σώζεσθαι
1772 903 1842 973 οη),
1855 909 1929 958 inter
1941 921 2009 971 quas

323 982 374 1031 hus
384 981 523 1044 scriptam,
538 980 570 1030 de
582 995 636 1044 qua
646 980 729 1028 etiam
739 979 762 1027 si
773 979 834 1042 quis
843 980 934 1028 omnia
944 979 1074 1029 detrahat
1083 995 1153 1044 quaa
1181 976 1367 1042 antenoridae<
1377 984 1435 1028 tres
1445 994 1514 1040 esse,
1524 976 1641 1044 Τέννης,
1652 975 1850 1040 Ῥαδάμανθυς,
1862 973 2010 1039 Πειρίθους

324 1049 446 1099 comicae
461 1048 596 1099 debentur
607 1047 735 1096 licentiae
748 1046 976 1110 obtrectandiqne
989 1046 1094 1110 studio,
1114 1051 1155 1096 ta·
1181 1048 1338 1112 inscriptas,
1351 1047 1413 1096 alite
1425 1047 1484 1108 (lin.
1499 1049 1566 1108 147.)
1579 1045 1733 1112 nonaginta
1745 1050 1806 1095 octo
1819 1046 1945 1114 (quarum
1956 1041 2011 1094 σώ-

323 1132 385 1167 men
403 1132 456 1166 non
478 1117 623 1166 obscurum
645 1120 687 1164 est
702 1113 862 1180 Euripidem
883 1116 1016 1165 communi
1037 1115 1153 1164 omnium
1181 1115 1274 1167 ζεσθαι
1286 1105 1334 1178 ξζ)
1348 1113 1392 1165 καί
1405 1110 1468 1178 τρία
1478 1114 1549 1178 πρός
1561 1112 1673 1176 τούτοις
1684 1113 1720 1164 τὰ
1731 1111 1947 1176 ἀντιλεγόμενα,
1965 1123 2012 1162 σα-

324 1185 430 1234 ῖυόίοίο
442 1183 577 1248 Aeschylo
590 1189 619 1234 et
632 1181 765 1247 Sophocle
779 1182 920 1247 aliquanto
936 1182 1096 1242 inferiorem
1108 1183 1155 1232 ha·
1181 1181 1278 1246 suprad
1294 1179 1324 1232 δέ
1336 1175 1371 1246 η’,
1391 1183 1475 1234 Snida
1486 1197 1552 1234 vero
1571 1180 1712 1246 (linitio.)
1729 1183 1769 1232 σία
1781 1180 1933 1242 scribente,
1950 1177 2011 1241 δρά-

324 1254 413 1303 bitum
427 1267 499 1303 esse.
535 1252 591 1302 Nec
609 1255 700 1300 tamen
717 1257 863 1316 propterea
881 1251 1095 1301 contemnendus
1113 1256 1155 1302 est
1182 1264 1257 1314 ματα
1267 1250 1298 1301 δέ
1310 1249 1398 1301 αύτού
1411 1249 1482 1302 κατὰ
1498 1248 1549 1314 μέν
1561 1263 1638 1311 τινας
1650 1247 1689 1312 οέ,
1706 1248 1779 1301 κατὰ
1790 1247 1821 1300 δέ
1833 1246 1936 1308 ἄλλους
1955 1237 2010 1308 5βῖ

325 1319 485 1386 Euripides,
503 1320 548 1385 qui
565 1320 630 1370 licet
641 1317 805 1382 Aeschylum
822 1323 850 1368 et
863 1318 1026 1382 Sophoclem
1044 1319 1154 1384 ingenio
1183 1313 1431 1372 autorisabant.
1464 1319 1498 1369 In
1519 1324 1690 1370 monumento
1711 1320 1813 1368 Romae
1835 1331 1860 1370 a.
1879 1316 1952 1367 1704.
1973 1330 2013 1364 re·

326 1394 354 1439 et
368 1387 501 1439 facultate
514 1388 621 1454 poetica
634 1401 688 1436 non
701 1391 849 1451 aequaret,
867 1391 960 1436 tamen
976 1387 1090 1453 reliquis
1102 1402 1156 1436 orn·
1182 1391 1260 1452 perio
1273 1385 1329 1452 (ap,
1343 1386 1461 1437 Boeclsh.
1476 1385 1555 1453 Gorp.
1568 1382 1649 1437 ln'scr.
1662 1387 1715 1437 vol.
1728 1390 1753 1436 3.
1766 1400 1791 1451 p.
1803 1383 1876 1447 831.)
1893 1398 1946 1449 quo
1960 1383 2013 1432 Eu·

328 1457 409 1506 nibus
426 1472 480 1506 non
498 1455 583 1507 solum
600 1470 666 1505 suae
680 1455 798 1516 aetatis,
817 1454 864 1504 sed
882 1455 964 1506 etiam
977 1455 1156 1520 posteriorum
1183 1455 1287 1520 ripides
1298 1458 1327 1504 in
1340 1454 1410 1505 sella
1423 1455 1521 1506 sedens
1534 1459 1767 1520 repraesentatur,
1780 1451 1915 1503 lateribus
1928 1450 2013 1502 sellae

327 1530 478 1590 temporum
493 1524 581 1589 poetis
597 1522 713 1587 tragicis
725 1521 890 1572 Graecorum
907 1523 1031 1587 superior
1049 1523 1101 1573 init
1118 1527 1155 1585 et,
1184 1523 1252 1573 haec
1265 1523 1444 1574 sustinuisse
1458 1523 1598 1588 Euripidis
1611 1521 1767 1573 fabularum
1778 1521 1902 1581 nomina,
1916 1520 2015 1584 quibus

327 1592 398 1657 quod
410 1592 455 1643 vel
467 1593 629 1656 superstites
639 1589 751 1640 fabulae
765 1589 874 1652 docent,
888 1605 958 1654 quae
969 1592 1065 1656 quinta
1078 1591 1157 1640 circi·
1184 1606 1249 1656 ego,
1267 1597 1392 1656 utsupra
1409 1607 1435 1656 p.
1448 1593 1473 1642 ό.
1490 1593 1518 1640 in
1536 1591 1618 1643 simili
1632 1589 1766 1655 Catalogo
1779 1587 1932 1652 Aeschyleo
1950 1586 2014 1649 ieci,

327 1667 370 1712 ter
382 1675 447 1726 pars
460 1663 524 1709 sunt
536 1659 690 1710 fabularum
709 1658 743 1709 ab
758 1673 790 1707 co
805 1661 980 1723 scriptarum.
999 1659 1157 1724 tragoedias
1183 1673 1309 1709 numeros
1327 1673 1390 1709 snos
1403 1659 1582 1723 praescripsi,
1646 1656 1827 1722 1Ἄλκηστις
1895 1652 2015 1718 ausit

328 1744 382 1780 non
406 1743 511 1794 paucas
532 1727 643 1792 egregie
662 1725 816 1791 composuit
837 1731 864 1776 ct
884 1741 919 1776 ne
942 1726 971 1775 in
991 1727 1026 1777 iis
1048 1726 1156 1790 quidem
1184 1726 1250 1788 λασς
1318 1722 1452 1788 θΑίγεύς
1525 1723 1661 1786 4Αίολος
1737 1721 1879 1787 όἈλόπη
1905 1719 2014 1787 [fabula

326 1811 396 1862 quas
413 1797 500 1846 minus
517 1794 697 1846 laudabiliter
714 1794 897 1844 conformavit
914 1795 1042 1844 eximiam
1059 1797 1088 1844 in
1109 1793 1157 1844 fin·
1185 1795 1366 1859 eademquae
1381 1791 1524 1860 Κερκυιύν]
1582 1785 1762 1858 θἈντιγόνη
1827 1787 2015 1853 7Ἀλκμο1ων

327 1864 425 1928 gendis
437 1865 559 1913 moribus
571 1869 600 1912 et
614 1862 783 1913 sermonibus
796 1877 974 1927 personarum
992 1877 1061 1928 quas
1072 1863 1157 1912 intro·
1185 1864 1289 1928 (omisit
1301 1878 1452 1927 cognomen
1463 1861 1588 1922 tabulae,
1605 1863 1705 1927 dequo
1722 1877 1749 1912 ν.
1767 1860 1817 1912 snb
1834 1874 1945 1910 numero
1963 1855 2014 1920 38.)

297 1973 303 1987 .
326 1931 439 1982 duceret
456 1937 542 1981 artem
560 1929 713 1980 desiderari
730 1944 828 1994 passus
845 1934 901 1992 cst,
923 1933 1020 1996 paucis
1037 1930 1157 1980 fortasse
1234 1925 1433 1994 8'Avbpouihu
1477 1929 1684 1994 θἈλέξανδρος
1736 1926 1857 1992 1οΑύγη
1909 1928 1939 1976 11
1953 1924 2017 1977 Ἀν-

327 2000 459 2065 exceptis,
472 1998 563 2064 qualis
575 1999 648 2047 inter
660 1999 824 2062 superstites
837 2006 880 2049 est
889 1999 1008 2063 Electra,
1022 2013 1092 2063 qnae
1103 2003 1157 2048 tra·
1184 1997 1307 2064 δρομάχη
1355 2002 1386 2048 12
1400 1996 1547 2063 Ἀντιγόνη
1561 1997 1791 2063 (errorlapicidae
1804 2012 1853 2061 pro
1867 1992 2015 2058 Ἀντιόπη)

326 2068 425 2134 goedia
437 2067 523 2117 multo
536 2065 631 2116 melior
648 2080 764 2116 evasura
778 2066 891 2129 fnisset,
909 2067 932 2117 si
949 2067 1093 2131 Euripides
1105 2066 1157 2116 Ae·
1188 2071 1217 2118 ιθ
1235 2065 1395 2127 Αὐτόλυκος
1464 2069 1496 2118 14
1516 2065 1619 2130 Βάκχαι
1688 2068 1719 2117 15
1737 2061 1971 2128 Βελλεροφόντης

326 2135 412 2199 schyti
429 2137 458 2184 in
476 2134 645 2198 Ohoephoris
662 2139 710 2184 aut
727 2133 869 2198 Sophoclis
890 2135 919 2184 in
936 2133 1048 2184 Electra
1070 2145 1160 2184 exem-¹
1186 2137 1217 2186 16
1236 2133 1378 2197 Βούσειρις
1403 2132 1551 2198 (Βούσιρις)
1633 2136 1664 2183 17
1682 2130 1786 2194 Δίκτυς
1866 2133 1897 2182 18
1916 2127 2015 2192 Δανάη

325 2203 400 2270 plum
419 2208 528 2253 secutus
547 2205 690 2252 essetnec
707 2202 787 2252 novis
807 2202 1008 2253 illosinventis
1027 2217 1156 2267 superare
1253 2205 1284 2253 ts
1302 2199 1447 2264 Είφιγένεα
1461 2199 1627 2266 (Ἰφιγένεια)
1689 2203 1722 2252 20
1740 2197 1834 2263 Ἑλένη
1897 2201 1927 2248 21
1942 2194 2015 2248 Είνιύ

325 2272 405 2322 irrito
419 2275 520 2321 conatu
533 2269 692 2320 studuisset.
727 2269 881 2320 Discrimen
896 2276 986 2320 autem
1001 2269 1158 2334 qnodiuter
1185 2267 1270 2336 (Ἰνώ)
1338 2273 1370 2320 22
1390 2268 1487 2334 Ἑκάβη
1557 2267 1746 2334 θθἜρεχθεύς
1814 2263 2017 2330 24Εύρυσθεὺς

325 2339 490 2403 Aeschylum
507 2342 535 2388 et
552 2336 715 2403 Sophoclem
732 2341 814 2402 atque
832 2338 990 2404 Euripidem
1007 2337 1158 2388 intercedit
1252 2341 1284 2388 25
1303 2336 1402 2399 Ἐπεάς
1414 2336 1547 2404 (Ἐπειός)
1626 2339 1659 2388 ’ὶίῖ
1677 2335 1850 2400 Ἡρακλεῖδαι
1868 2336 1909 2396 (iu
1922 2333 2016 2399 lapide

326 2423 381 2458 non
394 2407 480 2457 solum
494 2406 529 2455 ab
542 2405 712 2470 ingeniorum
731 2405 894 2468 diversitate
912 2412 955 2456 est
966 2405 1157 2471 repetendum,
1185 2406 1226 2458 sol
1236 2423 1260 2456 re
1274 2413 1421 2471 supersunt
1437 2407 1535 2456 literae
1550 2403 1678 2466 ΗΡΑΚΛ,
1699 2420 1768 2470 quae
1782 2407 1865 2454 etiam
1878 2401 2016 2466 Ἡρακλῆς

327 2475 377 2527 sed
389 2489 491 2539 magna
504 2490 537 2523 ex
551 2475 671 2538 partein
684 2477 792 2524 mutata
809 2488 897 2523 rerum
911 2473 1082 2539 publicarum
1096 2489 1157 2524 con·
1186 2473 1341 2539 siguificare
1353 2481 1482 2540 possunt:
1501 2479 1565 2540 post
1578 2489 1647 2539 quas
1659 2488 1755 2524 versus
1766 2471 1873 2538 plures,
1885 2485 1941 2521 non
1954 2485 2017 2520 con·

328 2545 446 2605 dicione,
463 2543 506 2591 cui
519 2541 665 2606 Euripides
678 2540 764 2592 multo
776 2541 837 2606 plus
850 2543 948 2592 tribuit
961 2557 1041 2607 quarn
1054 2541 1158 2608 Sopho·
1185 2549 1241 2594 stat
1255 2547 1328 2608 quot,
1341 2541 1494 2607 perierunt)
1564 2544 1596 2592 at
1616 2539 1721 2605 Κρῆτες
1788 2542 1822 2591 '28
1841 2535 1965 2603 Κρῆσσαῑ

329 2611 395 2672 cles,
413 2608 608 2660 etstudiorum
620 2609 761 2674 Euripidis
778 2611 884 2661 ratione
903 2615 945 2660 est
962 2609 1156 2675 quaerendum.
1185 2613 1222 2661 as
1237 2608 1419 2675 Κρεσφόντης
1476 2613 1510 2662 30
1528 2607 1651 2672 Κύκλωψ
1714 2611 1745 2660 31
1765 2605 1912 2670 Λικύμνιος
1974 2607 2017 2656 32.

326 2680 393 2728 Nam
407 2680 461 2728 etsi
472 2677 625 2741 Aeschylus
638 2681 666 2726 et
678 2676 827 2742 Sophocles
838 2693 927 2743 neque
937 2680 973 2729 ab
984 2677 1157 2744 philosophia
1170 2710 1173 2765 4
1186 2676 1357 2742 Μελανίππη
1371 2675 1515 2743 (inlepide
1530 2675 1777 2738 ΜΕΛΑΝΙΠΠΟΣ,
1791 2677 1889 2725 omisso
1904 2673 2017 2725 fabulae

328 2747 413 2798 alieni
426 2746 536 2795 inerunt
545 2760 633 2810 neque
644 2745 818 2808 eloquentiae
829 2751 979 2811 praecepta
989 2746 1158 2810 ignorarunt,
1186 2747 1354 2811 cognomine,
1371 2751 1402 2797 ut
1414 2747 1569 2797 nesciamus
1580 2751 1643 2796 utra
1655 2745 1815 2809 Melanippa
1828 2739 1948 2804 dicatur)
2030 2805 2033 2811 .

329 2821 420 2865 tamen
441 2812 554 2863 multum
575 2813 666 2863 abfuit
686 2819 716 2861 ut
737 2812 779 2863 his
801 2813 902 2862 studiis
923 2830 954 2864 eo
971 2814 1160 2864 incumberent
1185 2817 1218 2865 33
1237 2811 1345 2877 Μήδεια
1413 2817 1446 2864 34
1465 2812 1627 2878 Μελέαγρος
1695 2814 1727 2864 35
1746 2809 1846 2872 Οίνεύς
1913 2810 1946 2860 36
1972 2805 2017 2860 Ol·

328 2885 435 2933 iervore
458 2897 509 2947 quo
532 2880 681 2944 Euripides
698 2880 879 2945 Anaxagorae
901 2880 1017 2946 aliisque
1038 2881 1158 2946 philoso-
1186 2879 1283 2942 δίπους
1367 2885 1399 2933 37
1419 2879 1553 2946 Ὀρέστης
1637 2881 1692 2934 His
1712 2880 1736 2930 si
1753 2879 1889 2930 addantur
1905 2879 2018 2928 nomina

329 2951 391 3016 phis
405 2954 432 3000 et
445 2949 514 2999 artis
526 2948 678 2998 rhetoricae
691 2949 831 3014 magistris
848 2963 877 2998 sc
891 2948 1030 2998 addixisse
1042 2948 1158 2999 videtur.
1187 2951 1296 3012 omissa,
1310 2955 1445 3015 quatenus
1457 2966 1491 3000 ea
1504 2951 1617 3015 cognita
1628 2949 1773 3007 habemus,
1793 2961 1922 2997 numerus
1935 2943 2018 2996 confi·

328 3021 447 3082 Quorum
466 3016 614 3067 studiorum
632 3015 752 3080 vestigia
768 3031 822 3066 non
839 3031 929 3080 panca
945 3015 1048 3067 fabulis
1067 3032 1158 3082 super-
1187 3019 1258 3068 citur
1275 3019 1315 3068 78.
1335 3018 1498 3074 fabularum.
1550 3019 1583 3068 38
1596 3013 1755 3079 Ἀλκμαίων
1772 3013 1868 3078 (οίιοιι
1887 3029 1950 3064 nam
1965 3013 2019 3064 duo

330 3087 443 3137 stitibus
460 3090 524 3135 suut
541 3086 690 3150 impressa,
712 3085 798 3136 multo
819 3083 898 3149 plura
915 3085 944 3134 in
961 3085 1026 3134 aliis
1046 3100 1157 3149 quarum
1186 3086 1311 3148 fuerunt,
1332 3083 1362 3137 Ἀ
1380 3083 1396 3136 ὁ
1413 3083 1457 3137 διὰ
1472 3083 1603 3149 Ψωφῖδος
1622 3089 1649 3135 et
1667 3084 1705 3136 Ἀ.
1723 3081 1739 3134 ὁ
1756 3081 1801 3134 διὰ
1817 3078 1966 3146 Κορίνθου)

329 3155 486 3220 fragmenta
496 3159 600 3202 tantum
611 3153 647 3201 ad
657 3167 707 3201 uos
717 3157 903 3217 pervenerunt
913 3153 1054 3202 exstitisse
1066 3153 1160 3203 viden·
1186 3157 1218 3204 39
1232 3151 1368 3217 Ἠλέκτρα
1422 3157 1455 3204 40
1469 3151 1606 3217 Ἡρακλῆς
1624 3150 1798 3216 μαινόμενος·
1841 3153 1873 3201 41
1886 3144 2019 3213 Θερισταί

330 3228 388 3272 tur:
407 3221 441 3272 de
459 3235 511 3286 quo
530 3220 648 3284 legenda
666 3235 737 3284 qnae
754 3219 1040 3286 postvalclrenarium
1057 3221 1160 3271 inilia·
1247 3225 1279 3271 42
1298 3219 1406 3285 θησεύς
1477 3223 1510 3272 43
1528 3219 1652 3282 Ἱκέτιδες
1724 3221 1758 3270 44
1776 3216 1862 3270 Ἰξίων
1918 3221 1952 3268 45
1970 3215 2019 3268 Ἱπ-

329 3290 394 3340 trits
410 3290 437 3338 ιἰι
456 3288 590 3352 Euripidis
606 3290 751 3352 fragmenta
769 3287 964 3352 Bernhardyus
985 3287 1159 3353 explicatius,
1187 3287 1310 3350 πόλυτος
1322 3287 1535 3352 καλυπτόμενος
1601 3292 1635 3339 46
1653 3287 1817 3348 Ἱππόλυτος
1833 3283 2018 3350 στεφανηφό-

328 3359 441 3408 brevius
458 3356 576 3407 Weilius
598 3353 767 3420 exposuit.'')
805 3355 999 3421 Philosophiae
1021 3362 1110 3406 autem
1133 3363 1160 3406 et
1187 3371 1234 3421 ρος
1302 3360 1335 3407 47
1356 3355 1500 3422 Ἰφιγένεια
1517 3357 1631 3417 (alterat
1654 3373 1716 3406 nam
1735 3355 1805 3405 duae
1823 3359 1887 3405 sunt
1909 3351 1934 3406 Ἰ.
1951 3355 1971 3414 1)
1990 3351 2019 3404 έν

329 3426 505 3490 eloquentiae
522 3423 706 3488 studia·quum
719 3439 887 3488 novansque
900 3440 949 3489 per
962 3422 1322 3496 omnemGrae-pAlrllibret
1338 3423 1436 3487 ’1.ἡέν
1449 3423 1578 3491 Ταύροις)
1643 3426 1677 3476 48
1693 3422 1759 3474 Ἴων
1809 3425 1852 3480 ,40
1867 3419 1975 3485 Κάδμος

330 3495 399 3544 ciam
414 3496 546 3558 caperent
562 3492 744 3555 incrementa,
763 3507 817 3542 non
830 3497 873 3542 est
890 3492 1041 3542 mirandum
1053 3493 1160 3558 Euripi·
1187 3495 1219 3544 50
1236 3491 1325 3556 Λάμια
1343 3492 1425 3558 (quae
1443 3493 1562 3544 fortasse
1583 3491 1678 3542 eadem
1697 3496 1740 3541 est
1757 3507 1826 3555 quae
1844 3488 1966 3551 Σκύλλα,
1986 3489 2018 3540 de

330 3561 403 3624 dem,
427 3565 570 3625 postquam
584 3565 705 3609 mortrrns
723 3565 795 3616 erat,
814 3560 944 3611 maiorem
966 3576 1027 3611 esse
1044 3561 1160 3626 gloriam
1188 3575 1241 3626 qua
1262 3562 1335 3612 infra
1356 3559 1475 3622 dicetur)
1564 3563 1595 3612 dl
1620 3557 1792 3622 Μελανίππη
1816 3557 1928 3624 (alterat
1954 3573 2019 3607 nam

330 3630 461 3694 adeptum
474 3641 555 3692 quam
572 3627 725 3677 severiores
737 3627 945 3678 Atheniensium
957 3633 1081 3679 veterum
1093 3629 1160 3678 iudi·
1173 3662 1175 3673 ·
1187 3629 1256 3679 duae
1270 3629 1389 3684 inerunt.
1403 3628 1440 3681 Μ.
1452 3627 1590 3692 δεσμῶτις
1603 3635 1630 3678 et
1642 3625 1709 3689 Μ.ή
1724 3625 1812 3691 σοφή)
1891 3627 1923 3676 ni
1937 3621 2019 3676 Οίνό·

331 3713 377 3748 cos
389 3695 495 3747 viventi
508 3700 712 3746 cohaeserant.
743 3695 812 3745 Nam
825 3711 905 3760 quum
919 3695 1030 3746 fabulae
1044 3697 1112 3759 eius,
1129 3702 1257 3823 υιΙμαος
1325 3701 1357 3748 53
1369 3694 1542 3762 Παλαμήδης
1610 3694 1791 3780 sepeliebas
1859 3692 2020 3812 bbl'lrgteriq

330 3839 393 3884 rent
406 3847 460 3881 non
472 3837 527 3880 iam
539 3830 633 3896 quales
646 3847 706 3881 esse
718 3831 939 3896 deberentquam
952 3832 1048 3897 quales
1060 3833 1088 3880 in
1101 3826 1175 3882 vita!
1250 3767 1282 3883 Sil
1300 3762 1504 3897 ᾞῆῗὲἒένηςθθ
1522 3762 1714 3894 Σίίειιιιῐέοβλοιίίιδος
1741 3761 1940 3892 θΙδὸΣίάεὲιίὲσ
1970 3775 2020 3879 “SI

333 3905 439 3952 esseut.
465 3902 493 3948 et
517 3897 597 3948 dictis
620 3899 799 3950 sententiosis
823 3903 851 3949 et
874 3901 981 3964 argutis
1004 3915 1159 3964 morumque
1188 3899 1297 3965 Σκίρων
1349 3903 1380 3952 63
1398 3897 1513 3964 Σκύριαι
1564 3903 1597 3950 aa
1614 3899 1721 3960 Συλεύς
1773 3901 1813 3949 65.
1829 3896 1963 3961 Τήλεφος

332 3966 762 4100 ίὶἱῗθίέἔίιῖίῗ”1ἓξῗὲ“ιῑιὲῖ
771 3965 860 4085 iili?
863 3967 1160 4101 stultitiast
1173 3994 1175 4035 ί
1190 3966 1618 4101 ·rtl⁶sll*¹‘”li⁰iae⁶rlll”
1620 3964 1945 4098 {statutis
1956 3967 2021 4084 031⁹.

333 4101 444 4154 tabulae
456 4100 634 4167 placuerunt,
653 4102 701 4154 sed
714 4104 796 4152 etiam
814 4107 892 4152 ιιιτιιο
905 4103 996 4154 studio
1009 4107 1073 4153 sunt
1085 4103 1161 4154 lecti·
1188 4105 1229 4155 νιξ
1299 4109 1330 4156 73
1353 4102 1498 4156 Φοίνισσαι
1569 4107 1601 4154 74
1623 4103 1722 4168 Φρίξος
1790 4105 1822 4153 75
1845 4099 2018 4164 Χρύσιππος.

332 4177 409 4222 tatae
423 4175 553 4236 qnantum
567 4186 602 4220 ne
616 4171 746 4234 Aeschyli
764 4170 873 4235 quidem
885 4187 917 4220 ac
929 4170 1072 4236 Sophoclis
1084 4172 1161 4221 iabu-
1189 4173 1240 4222 His
1253 4173 1276 4222 si
1289 4173 1424 4224 addantur
1436 4172 1547 4223 fabulae
1562 4173 1673 4237 spuriae
1685 4179 1742 4221 tras
1811 4171 1842 4220 76
1861 4167 1971 4233 Τέννης

332 4238 376 4289 lae
389 4243 522 4304 expertae
535 4243 609 4298 aunt,
623 4237 848 4303 quemadmodum
860 4238 1017 4298 Menander,
1032 4241 1078 4304 qui
1091 4239 1161 4306 qued
1174 4217 1176 4319 l
1191 4243 1222 4291 77
1240 4238 1428 4302 Ῥαδάμανθυς
1497 4241 1529 4291 78
1546 4237 1708 4304 Πειρίθους,
1726 4253 1852 4288 numeros
1865 4252 1919 4288 non
1933 4240 2020 4288 solnm

333 4307 369 4358 ad
382 4322 483 4357 morum
494 4313 645 4373 praecepta
662 4308 764 4358 attinet
777 4307 917 4371 Euripidis
934 4307 1086 4373 exemplum
1103 4313 1162 4357 erat
1174 4330 1176 4351 ι
1189 4324 1249 4358 cum
1261 4309 1413 4374 biographo
1425 4309 1512 4359 veteri
1524 4307 1620 4373 (supra
1632 4324 1658 4372 p.
1670 4310 1709 4369 17,
1720 4305 1772 4370 37.)
1785 4311 1823 4367 et,
1838 4305 1910 4371 quod
1923 4306 1957 4355 ad
1971 4320 2019 4363 nn,-
2112 4317 2116 4327 ·
2130 4329 2136 4355 ι

332 4385 457 4436 secutus,
485 4375 519 4424 ab
543 4389 610 4424 suae
632 4375 735 4424 aetatis
755 4374 910 4425 bominibus
933 4377 1033 4426 veteris
1057 4390 1162 4426 comoe—
1174 4368 1177 4446 l
1189 4392 1289 4427 merum
1308 4379 1340 4426 75
1357 4377 1469 4438 attinet,
1492 4392 1553 4426 cum
1571 4375 1657 4426 Suida
1677 4373 1738 4439 (lin.
1757 4372 1825 4438 182.)
1848 4374 2021 4424 consentien-

333 4443 395 4493 diae
408 4443 516 4492 Atticae
535 4444 626 4508 poetis
644 4448 687 4492 est
705 4441 860 4507 praelatus,
884 4458 996 4506 quorum
1014 4444 1042 4493 in
1060 4443 1162 4494 fabulis
1175 4447 1177 4471 ¹
1189 4449 1231 4494 tes
1251 4444 1426 4508 habebimus,
1449 4443 1496 4495 aad
1518 4443 1601 4493 etiam
1623 4459 1683 4493 cum
1700 4442 1835 4500 Varrone,
1858 4456 1939 4505 quem
1954 4441 2020 4492 Gel-

332 4510 420 4560 multa
433 4515 512 4559 erant
525 4526 593 4576 quae
611 4510 809 4575 posterioribus
825 4510 868 4560 his
880 4512 1050 4576 temporibus
1068 4525 1162 4576 parum
1191 4512 1245 4562 lius
1263 4515 1302 4571 17,
1316 4515 1340 4562 4.
1357 4517 1490 4562 memorat
1506 4509 1675 4576 “Emipidem
1693 4527 1790 4578 qaoque
1808 4510 1846 4559 M.
1869 4509 1956 4560 Vct-ru
1975 4512 2020 4572 ait,

334 4578 513 4630 convenirent
530 4584 558 4628 et
575 4594 592 4628 a
604 4578 697 4629 multis
715 4593 749 4628 ne
762 4577 882 4642 intelligi
898 4578 1005 4643 quidem
1024 4584 1161 4644 poterant.
1189 4597 1242 4630 cam
1255 4582 1361 4646 quinque
1380 4587 1405 4630 et
1421 4582 1584 4645 septuaginta
1600 4580 1748 4643 tragoedias
1765 4575 1940 4644 (tragoedias
1954 4577 2022 4627 dicit

332 4647 409 4696 Idem
426 4645 459 4694 de
472 4645 602 4711 Euripide
619 4651 743 4695 veterum
760 4645 940 4695 Romanorum
957 4646 1087 4696 iudicium
1100 4647 1162 4708 fuit,
1191 4649 1378 4699 annumeratis
1399 4647 1502 4698 rabulis
1524 4644 1665 4714 satyricis)
1686 4647 1835 4711 scripserit,
1861 4646 1888 4694 ia
1911 4647 2021 4711 quinque

333 4728 446 4780 quorum
462 4719 560 4777 poetae
578 4715 678 4780 tragici
699 4714 753 4763 etsi
775 4729 808 4762 ex
823 4714 953 4779 Aeschyli
976 4719 1004 4764 et
1021 4713 1163 4779 Sophoclis
1189 4717 1250 4768 solis
1271 4719 1375 4778 uicisse,
1403 4733 1456 4766 eum
1478 4732 1532 4766 eam
1554 4731 1632 4780 saepe
1654 4718 1782 4766 vincerent
1810 4715 1906 4780 aliquot
1925 4720 2022 4778 poetas

332 4781 483 4848 tragoediis
501 4781 625 4846 pluribus
641 4782 759 4832 Latinas
781 4781 908 4832 iecerunt
926 4781 1050 4846 fabulas,
1071 4787 1163 4832 tamen
1190 4782 1370 4850 ignauissimi.”
1406 4785 1464 4834 Nec
1481 4788 1572 4833 mmen
1590 4789 1737 4849 propterea
1759 4783 1847 4832 maior
1864 4781 2021 4832 fabularum

332 4850 457 4916 plerique
470 4849 634 4914 Euripideas
647 4849 757 4900 fabulas
774 4851 925 4914 exprimere
943 4849 1111 4900 maluerunt:
1131 4848 1164 4902 de
1190 4855 1230 4902 92.
1243 4867 1370 4903 numerus
1382 4850 1578 4916 (restituendus
1591 4853 1709 4902 fortasse
1723 4866 1771 4915 pro
1790 4844 1842 4914 ’κη’
1854 4865 1937 4914 supra
1946 4864 1973 4914 p.
1981 4850 2022 4911 18,

332 4945 482 4952 ·“--
1191 4917 1259 4981 147.)
1276 4935 1356 4983 quem
1368 4923 1403 4972 ab
1416 4919 1478 4970 aliis
1491 4919 1622 4970 traditum
1635 4922 1787 4970 memorant
1799 4917 1945 4983 biographi
1962 4915 2022 4982 (su-

384 4987 410 5052 ⁸)
423 4985 563 5050 Euripidis
576 4983 609 5035 de
622 4986 673 5036 diis
687 5001 828 5050 rerumque
842 4989 943 5036 natura
956 4987 1099 5052 opiniones
1110 4986 1165 5036 col·
1176 4964 1179 5013 ί
1191 5003 1241 5053 pra
1251 4986 1298 5040 lin.
1308 4990 1349 5038 36.
1363 4992 1392 5038 et
1401 4988 1471 5051 181.)
1486 4987 1574 5038 falsus
1587 4992 1630 5037 est
1642 4986 1794 5048 habendus,
1805 5001 1888 5049 quum
1899 5001 2022 5050 praeser-

333 5057 404 5122 lagit
417 5060 445 5106 et
456 5054 587 5118 explicuit
597 5053 762 5118 Speuglerus
775 5055 803 5102 in
818 5053 1021 5119 Tlreoloparnenis
1030 5055 1165 5118 Euripidis
1190 5057 1238 5107 tim
1251 5055 1409 5121 tetralogiis
1421 5057 1568 5106 conveniat
1580 5055 1681 5120 viginti
1693 5055 1788 5105 tribus.
1823 5055 1892 5104 Nam
1904 5069 1938 5103 ex
1950 5053 2022 5118 ipsis

334 5123 467 5175 Coloniae
481 5121 564 5172 editis
577 5137 603 5173 a.
617 5123 690 5172 1863.
1191 5123 1400 5188 biographorum
1417 5124 1509 5174 verbis
1521 5124 1696 5174 manifestum
1710 5128 1753 5173 eet
1765 5122 1835 5173 alios
1848 5137 1942 5173 omues
1954 5137 2020 5187 qus·

384 5189 425 5256 “)
439 5189 603 5241 Aristoteles
616 5189 692 5244 Poet.
703 5193 773 5244 aas.
788 5189 859 5254 πρός
876 5188 906 5240 δέ
917 5187 1030 5250 τούτοις
1043 5187 1093 5241 έόν
1106 5187 1163 5241 έπι-
1190 5207 1247 5240 rum
1264 5191 1374 5241 nomina
1393 5193 1505 5256 cognite
1528 5196 1621 5242 essent
1643 5191 1753 5241 fabulas
1769 5190 1910 5255 Euripidis
1928 5205 2021 5240 nume·

333 5261 446 5323 τιμόται
458 5257 501 5309 ότι
514 5254 566 5307 οὐκ
578 5254 678 5320 ἀληθῆ,
691 5255 753 5308 ἀλλ’
762 5254 808 5309 olo
820 5258 871 5320 δεῖ,
884 5253 946 5308 οίον
959 5258 1003 5308 καὶ
1016 5257 1164 5321 Σοφοκλῆς
1191 5275 1275 5320 rasse,
1289 5259 1359 5310 alios
1370 5257 1421 5320 τὰς
1433 5257 1593 5321 σωζομένας
1606 5262 1713 5309 tantum
1727 5257 1757 5323 (i.
1772 5274 1794 5308 e.
1808 5274 1855 5310 eas
1868 5257 1968 5323 quibus
1980 5258 2022 5308 usi

333 5327 388 5392 ἔφη
403 5325 489 5386 αὐτός
502 5323 553 5388 μέν
565 5321 642 5384 οἵους
654 5323 695 5375 δεῖ
707 5329 806 5386 ποιεῖν,
826 5323 976 5390 Εὐριπίδην
991 5325 1022 5376 δέ
1037 5321 1091 5376 οίοι
1104 5323 1166 5378 stol.
1192 5329 1248 5377 sint
1266 5327 1439 5391 grammatici
1454 5327 1656 5390 Alexandrini),
1676 5341 1754 5392 quem
1771 5327 1828 5388 67,
1845 5327 1899 5388 νεῖ,
1918 5325 2022 5376 additis

336 5409 446 5461 quorum
466 5396 542 5458 prius
559 5391 723 5458 tragoediae
739 5395 827 5461 magis
845 5409 924 5459 quem
938 5393 1054 5444 alterum
1068 5409 1165 5445 convc-
1191 5395 1281 5445 tribus
1298 5395 1400 5446 fabulis
1416 5396 1531 5460 spuriis,
1548 5397 1580 5446 70
1593 5395 1678 5446 icisse
1696 5393 1955 5456 crediturusne,
1973 5393 2022 5444 sed

335 5466 394 5514 nire
407 5461 565 5512 Aristotelis
584 5475 692 5524 quoque
706 5463 845 5513 sententia
859 5467 900 5511 est
917 5462 955 5512 ib.
971 5476 993 5516 c.
1007 5465 1031 5514 2.
1049 5459 1080 5513 ἐν
1093 5460 1165 5528 αὐτῆ
1193 5458 1233 5514 oZ'
1245 5464 1278 5514 ab
1292 5462 1376 5512 Snida
1394 5462 1453 5528 (lin.
1470 5461 1548 5527 182.)
1582 5462 1726 5513 Accedunt
1743 5461 1777 5512 ad
1794 5461 1864 5512 haec
1877 5463 1933 5512 alia
1950 5476 2022 5526 quae

336 5530 366 5583 δὲ
379 5533 414 5594 τῆ
427 5529 547 5592 διαφορᾷ
559 5526 635 5589 καὶὴ
649 5526 790 5592 τραγῳδία
803 5527 874 5594 πρὸς
885 5528 940 5592 τήν
952 5528 1103 5594 κωμῳδίαν
1115 5529 1167 5581 διέ-
1193 5547 1297 5581 omnem
1310 5532 1415 5581 numeri
1424 5531 1655 5597 computationem
1667 5531 1801 5581 incertam
1813 5528 1940 5580 reddant.
1963 5529 2022 5580 Pri-

335 5606 452 5663 στηκεν·
477 5598 494 5658 ι)
515 5595 565 5657 μέν
585 5593 638 5660 γάρ
656 5593 777 5660 χείρους,
798 5597 816 5660 ι)
836 5596 867 5648 δέ
883 5593 1008 5659 βελτίους
1030 5599 1167 5662 μιμεῖσθαι
1192 5615 1235 5648 mo
1258 5599 1329 5648 enim
1353 5600 1489 5649 nescimus
1512 5605 1602 5648 utrum
1624 5597 1785 5660 Αὐτόλυκος
1812 5603 1840 5647 et
1864 5595 1965 5662 Φρῖξος
1987 5598 2021 5648 ab

336 5665 464 5733 βούλεται
477 5667 536 5716 τῶν
548 5665 608 5716 νῦν.
1179 5668 1227 5734 ,iis
1245 5667 1291 5732 qui
1306 5682 1447 5717 numerum
1468 5667 1597 5718 maiorem
1617 5671 1768 5732 posuerunt
1787 5681 1835 5732 pro
1858 5666 1965 5716 duabus
1987 5681 2021 5716 an
