4338 6612
310 487 370 550 102
871 492 1163 544 nouorrnuoeu
1198 494 1430 544 τΡιιιιιιιιι.

393 642 488 707 νόσον,
508 642 530 693 ῶ
550 643 625 707 ψυχὴ
644 643 760 709 σκληρά,
779 643 896 707 χάλυβος
1086 655 1150 696 raso*

392 718 593 784 λιθοκόλλητον
612 718 728 782 στόμιον
747 717 906 784 παρέχουσζ

392 793 517 846 ἀνάπαυε
536 795 614 859 βοὴν,
634 793 672 856 ῶς
691 793 841 859 ἐπίχαρτον

392 870 520 924 τελέουσ’
537 869 685 924 ἀεκούσιον
704 871 796 936 ἔργον.

310 944 382 1012 [ΤΛ.
409 945 503 1012 αἴρετ’,
521 945 633 1010 ὀπαδοί,
653 946 777 1014 μεγάλην
796 947 846 1010 μέν
866 945 926 1012 ἐμοί

375 1170 447 1220 1263.
465 1166 593 1219 τελέοιιο’
605 1166 818 1232 Billerbeekius]
838 1165 950 1228 τελέως.
979 1169 1038 1218 Hoc
1056 1183 1136 1218 versu

307 1238 377 1288 haec
406 1237 550 1301 tragoedia
579 1236 657 1286 finita
687 1237 741 1286 luit
769 1237 804 1286 ab
834 1235 980 1301 Sophocle,
1011 1241 1041 1284 ut
1061 1235 1137 1286 uidc-

308 1312 365 1368 tur,
388 1305 496 1364 addito,
518 1304 594 1354 utin
614 1320 662 1354 sex
681 1304 794 1368 reliquis
812 1304 892 1354 huius
914 1309 1012 1368 poetae
1036 1309 1064 1353 et
1080 1301 1136 1368 ple·

308 1375 399 1438 risque
423 1373 536 1422 duomm
558 1378 709 1422 ceterorum
728 1373 895 1436 tragicorum
916 1372 1030 1430 fabulis,
1059 1373 1136 1423 brevi

309 1447 457 1506 systemate
477 1441 654 1505 anapaestico
674 1440 833 1504 coryphaei,
857 1441 900 1489 cui
918 1446 997 1490 vetus
1016 1440 1136 1504 interpo-

247 1529 250 1538 ·
307 1509 380 1559 lator
396 1509 540 1560 verbosam
562 1509 710 1560 substituit
727 1507 804 1573 Hylli
822 1508 973 1558 orationem
989 1523 1014 1558 ν.
1034 1510 1136 1558 1264-

308 1578 381 1628 1278.
399 1578 439 1626 ita
457 1577 634 1640 compositam
652 1581 684 1625 ut
702 1576 833 1639 originem
853 1591 930 1626 suam
946 1575 1057 1625 indiciis
1076 1592 1135 1640 pro-

308 1642 443 1694 tlat'satis
461 1645 629 1694 manifestis:
654 1644 686 1694 de
707 1645 804 1708 quibus
824 1643 880 1692 dini
898 1645 925 1693 in
944 1643 1135 1694 Annotationi-

308 1714 358 1766 bus
381 1713 416 1762 ad
435 1712 582 1762 editionem
602 1712 785 1763 Oxouieuscrn
803 1711 919 1761 tertiam.
954 1712 1058 1762 Eadem
1078 1711 1135 1762 fere

307 1781 420 1845 Borgkii
438 1781 577 1830 sententia
596 1795 655 1830 osse
673 1779 790 1844 videtur,
811 1780 856 1844 qui
874 1780 909 1828 ad
922 1796 947 1830 r.
960 1782 1032 1829 1264.
1051 1795 1135 1830 anno-

308 1849 379 1898 tavit
400 1855 537 1898 extreumm
557 1856 656 1912 partem
674 1843 778 1910 [σίιιιίιια
796 1864 845 1896 uon
864 1847 894 1896 (ιά
912 1848 991 1910 ipsius
1004 1847 1136 1912 Sophoclis

306 1933 379 1966 ιιιαιια
393 1917 539 1980 profertum
555 1932 635 1981 neque
652 1917 688 1966 ad
703 1918 768 1965 ortis
785 1922 967 1964 concremaretur
984 1920 1052 1980 lepes
1064 1931 1135 1966 reuo-

307 1987 413 2034 candam
430 2000 493 2033 esse.
564 1986 636 2033 1264.
654 1981 750 2046 αἴρετ’,
770 1981 882 2046 ὀπαδοί]
903 1982 1066 2042 Scholiasta,
1084 1981 1136 2033 οὐκ

307 2050 437 2112 οἰκέταις,
455 2049 525 2101 ἀλλά
544 2055 602 2112 τοῖς
621 2049 823 2102 ἀκολουθοῦσιν
842 2049 919 2115 αὐτῷ
940 2052 969 2114 (i.
980 2068 1002 2100 e.
1013 2050 1135 2115 Herculi)

308 2119 336 2172 ἐξ
352 2117 466 2182 Εὐβοίας
484 2117 562 2182 φησί.
596 2119 673 2184 Hylli
686 2133 783 2169 nomen
797 2119 839 2170 his
851 2119 976 2169 versibus
989 2118 1137 2183 praefixum
1158 2159 1160 2162 .

307 2189 334 2237 iu
354 2188 473 2238 editione
487 2188 616 2249 ’ίίιι-ιιείιί,
636 2199 705 2251 quae
718 2181 915 2236 'l'hielinianum
933 2188 1082 2252 exemplum
1098 2202 1137 2236 se·

307 2257 407 2320 quitur,
427 2257 559 2306 omissum.
571 2256 601 2304 in
614 2255 655 2306 ed.
669 2255 776 2312 Aldina,
795 2254 960 2319 apographis
980 2260 1016 2317 et,
1035 2260 1065 2304 ut
1079 2258 1137 2320 opi·

307 2339 364 2379 uer,
385 2323 413 2372 in
431 2323 534 2372 codice.
566 2323 738 2374 scholiastae
757 2321 822 2387 quid
842 2323 976 2386 placuerit
995 2339 1028 2372 ex
1046 2323 1137 2373 verbis

307 2391 385 2442 ruodo
404 2393 538 2456 appositis
557 2407 611 2446 non
629 2391 808 2456 perspicitur:
839 2389 888 2440 sed
906 2389 990 2454 Hyllo
1009 2391 1058 2440 hos
1076 2407 1135 2441 ver·

307 2475 354 2509 sus
376 2459 410 2510 ab
434 2475 465 2508 eo
488 2459 606 2510 tributos
634 2475 693 2509 esse
723 2457 872 2508 clarissime
897 2463 974 2522 patet
998 2475 1031 2508 ex
1054 2474 1136 2508 anno-

308 2527 413 2576 tatione
432 2526 467 2576 ad
486 2543 511 2576 v.
525 2529 597 2578 1268.
617 2523 643 2577 οἱ
661 2525 816 2589 φὺσαντες;
837 2523 876 2587 είς
894 2524 946 2575 τὸν
959 2523 1013 2577 Δία
1032 2525 1048 2588 ἡ
1069 2525 1137 2576 ἀπά-

307 2606 384 2654 τασις
402 2595 453 2644 τοῦ
473 2592 567 2656 λόγου.
603 2591 735 2657 ἐκείνους,
756 2593 853 2658 φησὶν,
878 2591 1045 2656 ἀγνώμονας
1064 2594 1137 2657 ἡγεῖ·

308 2663 371 2724 σθε,
403 2659 503 2722 οἵτινες
526 2661 716 2726 γεννήσαντες
740 2660 828 2712 αὐτὸν
852 2665 1003 2726 περιορῶσι
1020 2664 1137 2712 τοιαῦτα

308 2727 459 2792 πάσχοντα.
494 2731 522 2778 in
541 2747 594 2794 qua
607 2747 660 2780 non
673 2728 770 2793 αὐτόν,
790 2730 838 2778 sed
855 2727 903 2792 ἐμέ
917 2730 1058 2779 dicendum
1073 2730 1138 2780 suis-

308 2803 358 2862 set,
378 2799 401 2848 si
419 2798 547 2848 Herculia
565 2798 593 2846 hi
612 2813 708 2848 versus
727 2803 825 2847 essent.

1247 643 1360 695 roricum
1379 643 1490 707 θέμενοι
1509 643 1757 709 συγγνωμοσίινην,
1947 654 2000 694 raes

1248 715 1373 785 μεγάλην
1390 720 1420 772 δέ
1439 723 1513 784 θεοῖς
1531 719 1736 786 ἀγνωμοσύνην

1148 804 1149 813 ’
1246 795 1351 858 εἰδότες
1369 796 1461 861 ἔργων
1479 801 1538 849 τῶν
1556 795 1771 862 πρασσομένων,

1246 869 1273 924 οἳ
1292 872 1434 936 φύσαντες
1453 873 1497 924 καί
1515 872 1680 939 κλῃζόμενοι

1247 947 1366 1013 πατέρες
1383 949 1491 1000 τοιαῦτ’
1509 948 1633 1014 ἐφορῶσι
1652 947 1736 1013 πάθη.

1246 1023 1282 1076 τά
1302 1023 1352 1088 μέν
1370 1023 1421 1076 οὖν
1440 1024 1570 1089 μέλλοντ’
1588 1024 1679 1086 Οὐδείς
1697 1024 1795 1092 ἐφορᾷ,
1947 1035 1999 1076 raro

1245 1099 1281 1151 τά
1299 1099 1328 1151 δέ
1347 1103 1399 1151 νῦν
1417 1099 1519 1152 ἑστῶτ’
1536 1099 1634 1164 οἰκτρά
1653 1099 1703 1163 μέν
1721 1099 1796 1164 ἡμῖν,

1246 1172 1346 1239 αἰσχρὰ
1363 1175 1388 1226 δ’
1406 1174 1529 1240 ἐκείνοις,

1247 1250 1437 1315 χαλεπώτατα
1455 1252 1479 1302 δ’
1497 1251 1547 1304 οὖν
1566 1251 1677 1316 ἀνδρῶν
1695 1251 1812 1304 πάντων

1246 1330 1287 1392 τῷ
1306 1327 1386 1392 τήνδ’
1403 1327 1473 1394 ἄτην
1492 1328 1634 1392 άπέχοντι.

1247 1401 1345 1454 λείπου
1364 1403 1433 1468 μηδὲ
1451 1403 1495 1468 σὺ,
1515 1403 1640 1468 παρθέν’,
1659 1403 1705 1456 ἐπ’
1722 1403 1819 1466 Οίκων,
1947 1417 2000 1456 ιιια

1248 1478 1384 1542 μεγάλους
1404 1478 1454 1542 μέν
1472 1478 1570 1532 ἰδοῦσα
1589 1479 1670 1542 νέους
1688 1480 1834 1542 θανάτους,

1247 1553 1340 1606 πολλὰ
1357 1555 1387 1606 δέ
1406 1553 1521 1619 πήματα
1539 1555 1584 1607 καί
1602 1557 1768 1620 κοινοπαθῆ,

1248 1627 1346 1681 κούδέν
1364 1629 1478 1681 τούτων
1497 1631 1512 1682 ὅ
1530 1647 1557 1682 τι
1576 1632 1612 1696 μὴ
1631 1629 1722 1698 Ζεύς]

1162 1784 1311 1792 ———-

1640 1833 1656 1868 ν

1231 1884 1303 1933 1266.
1323 1883 1577 1950 συγγνωμοσίινην]
1604 1884 1858 1950 συγγνωμοσίινην,
1890 1901 1942 1935 va
1962 1903 1996 1936 ιιι.

1164 1968 1202 2016 pr.
1281 1953 1354 2001 1266.
1372 1950 1422 2003 ’δέ
1440 1952 1526 2018 θεοῖς]
1545 1967 1577 2004 τε
1595 1956 1669 2005 θεῶν
1749 1957 1821 2005 1276.
1841 1952 1994 2019 *πάντων]

1163 2017 1299 2070 ἁπάντων
1368 2020 1552 2074 rare-rats,
1570 2023 1654 2086 Hyllo
1673 2023 1701 2071 hi
1718 2037 1813 2072 versus
1832 2025 1995 2072 continuen-

1163 2087 1252 2137 turin
1271 2087 1378 2136 codice:
1409 2089 1437 2136 in
1455 2089 1621 2155 apographis
1640 2090 1721 2140 choro
1740 2091 1909 2153 tribuuntur,
1940 2091 1996 2140 nisi

1164 2154 1235 2220 quod
1254 2157 1281 2204 in
1300 2155 1427 2206 Parisino
1441 2159 1515 2206 2712.
1533 2155 1615 2222 χορὸς
1627 2157 1644 2220 ἢ
1658 2157 1750 2220 ίίλλος,
1770 2157 1842 2208 unde
1854 2159 1884 2208 in
1897 2159 1995 2208 editio·

1164 2239 1224 2272 uem
1238 2221 1363 2271 Aldinam
1383 2225 1502 2274 transiit.
1533 2225 1615 2290 lxlyllo
1630 2227 1712 2275 ctiam
1725 2225 1873 2277 scholiasta
1886 2227 1995 2284 tribuit,

1163 2289 1253 2341 ἔοικεν
1272 2288 1374 2351 Ὕλλος
1397 2289 1589 2356 ἀποστραφείς
1612 2296 1671 2353 ταῖς
1694 2291 1751 2344 ἀπὸ
1775 2295 1826 2343 τοι)
1846 2296 1930 2358 χοροῦ
1949 2293 1995 2344 λε’·

1163 2372 1223 2420 γειν
1242 2359 1294 2408 τοῦ
1315 2357 1350 2420 μὴ
1370 2355 1612 2421 ἀπολιμπάνεσθαι
1625 2361 1685 2412 τῶν
1698 2359 1794 2424 οἴκων,
1813 2359 1867 2422 ἕως
1879 2359 1913 2410 ἀν
1927 2359 1995 2412 ἐπα-

1164 2425 1304 2476 νέλθωσιν
1328 2423 1384 2476 ὑπὸ
1408 2428 1459 2491 τῆς
1482 2429 1578 2492 πυράς.
1614 2429 1700 2479 Cuius
1722 2428 1818 2479 scholii
1838 2430 1945 2478 initium
1964 2431 1994 2479 in

1164 2494 1206 2544 e‹l.
1224 2495 1348 2544 Romana
1367 2495 1406 2544 sic
1426 2495 1528 2560 legitur
1545 2497 1755 2561 interpolatum,
1778 2499 1864 2547 τοθτο
1883 2495 1957 2558 λέγει
1977 2497 1994 2547 ὁ

1163 2560 1246 2625 χορὸς
1264 2561 1280 2625 ἡ
1300 2561 1316 2611 ὁ
1333 2560 1450 2623 Ὕλλος·
1479 2563 1552 2614 ἔοικε
1570 2563 1623 2628 γάρ
1642 2563 1657 2614 ό
1676 2563 1779 2624 Ὕλλος
1797 2569 1849 2617 etc.
1920 2567 1995 2614 1276.

1164 2629 1210 2680 ἐπ’
1227 2645 1260 2678 ex
1278 2629 1438 2695 scholiasta]
1461 2629 1510 2681 ἀπ’

1164 2713 1177 2746 e
1192 2713 1244 2747 um.
1315 2699 1387 2748 1277.
1400 2698 1445 2749 καί
1459 2699 1566 2750 addidit
1578 2701 1728 2751 Bentleius

1612 2635 1685 2682 1276.
1716 2629 1812 2683 ἰδοῦσα
1831 2631 1839 2684 l
1858 2649 1890 2683 ex
1910 2646 1933 2683 ει
1952 2633 1994 2682 la-
