4372 6614
814 535 915 587 VITA
943 536 1217 590 ARISTOPHAN
1222 538 1268 590 15.
1855 542 1896 606 27

554 638 660 646 ----,-
1098 641 1157 646 ..-...

197 681 1038 823 stitit}cilitiisattibuit?ltili·
1063 685 1546 824 lusistislusistis
1557 690 1896 814 {illutibilis

287 791 293 816 ,
1030 795 1037 809 ο
1186 791 1192 804 ¹
1258 793 1264 806 Ι
1330 795 1335 806 Ι
1367 797 1373 808 a
1412 798 1417 809 ι
1539 797 1543 806 ¹
1646 797 1651 810 Ι

197 837 227 886 p.
239 824 312 885 rau,
325 821 493 886 explicatius
505 823 534 872 in
547 822 589 873 ed.
601 823 689 874 Oxou.
699 823 887 888 ρ.538-δ40.)
901 826 1035 876 etAchar-
1062 822 1175 873 videtur
1187 839 1261 875 error
1273 827 1448 890 grammatici
1458 799 1501 878 es’t
1511 828 1595 893 quiin
1604 830 1744 894 excerptis
1753 845 1835 896 supra
1848 846 1894 895 ap·

196 903 302 940 nenses
316 889 429 940 tabulae
442 894 507 940 sunt
518 894 641 953 secutae,
654 891 753 955 quibus
766 892 835 956 ipsis
848 907 955 957 quoque
966 909 1035 944 corn-
1063 891 1160 955 positis
1177 893 1205 941 in
1221 895 1401 944 annotatione
1415 894 1451 944 ad
1468 895 1515 945 lin.
1526 895 1567 946 89.
1600 895 1773 947 Philonidem
1791 902 1819 948 et
1833 897 1895 948 Cal-

196 957 403 1008 mendationem
419 959 454 1007 ab
472 957 557 1008 alieni
574 959 691 1010 nominis
709 960 875 1010 anctoritate
897 963 1036 1025 quaesivit
1063 957 1201 1008 listratum
1224 957 1375 1024 ὑποκριτάς
1402 960 1624 1027 Ἀριστοφάνους
1651 965 1739 1014 luisse
1764 964 1892 1026 credidit,

197 1029 297 1090 poeta,
317 1040 372 1074 non
384 1025 454 1086 alia,
472 1031 504 1075 ut
515 1025 639 1087 videtur,
660 1025 693 1076 de
707 1041 806 1077 caussa
824 1043 905 1092 quam
923 1033 954 1078 ιιι
971 1029 1034 1080 cho·
1062 1025 1133 1076 male
1154 1026 1308 1078 intellectis
1328 1028 1421 1079 verbis
1441 1028 1487 1081 διά
1507 1028 1665 1083 Φιλωνίδου
1685 1037 1715 1082 et
1731 1029 1775 1084 διά
1796 1030 1892 1084 Καλλι-

198 1107 259 1142 rum
273 1091 382 1142 facilius
399 1094 560 1158 impetraret
573 1094 728 1159 minorque,
746 1094 770 1143 si
786 1095 877 1144 victus
894 1110 927 1144 ex
946 1101 1034 1148 certa-
1061 1091 1193 1157 στράτου,
1207 1109 1278 1159 quae
1292 1096 1360 1146 nihil
1371 1097 1447 1147 aliud
1461 1098 1618 1163 significant
1628 1115 1709 1164 quarn
1722 1099 1796 1163 quod
1808 1103 1893 1152 verbo

198 1159 272 1209 mine
283 1159 449 1224 discederet,
463 1161 553 1212 lamae
567 1161 675 1212 iactura
686 1166 770 1212 essct.
792 1162 862 1212 Nam
874 1161 1035 1215 Callistrato
1061 1177 1116 1210 non
1133 1163 1263 1226 ambiguo
1280 1159 1405 1227 είσῆχθαι
1422 1181 1581 1231 expressum
1599 1173 1642 1218 est
1654 1167 1683 1217 in
1696 1166 1829 1220 ὑποθέσει
1841 1168 1894 1233 Ly·

198 1227 319 1276 tradidit
331 1227 481 1288 docendas,
501 1228 574 1292 quod
591 1229 632 1279 sic
649 1234 693 1280 est
705 1229 913 1294 intelligendum
927 1236 959 1280 ut
971 1231 1034 1282 Cal·
1061 1229 1206 1290 sistratae,
1225 1227 1353 1295 ἐδιδάχθη
1369 1229 1415 1282 ἐπὶ
1436 1230 1556 1284 Καλλίου
1573 1232 1711 1298 ἄρχοντος
1722 1260 1756 1271 -
1768 1231 1895 1298 εἰσῆκται

197 1295 326 1346 listratus
347 1295 458 1346 chorum
478 1295 514 1345 ab
536 1296 666 1348 archonte
688 1297 818 1360 petiverit
843 1307 871 1346 ct
894 1301 1035 1364 acceperit
1060 1292 1091 1346 δέ
1103 1293 1148 1348 διά
1162 1294 1379 1362 Καλλιστράτου.
1398 1305 1426 1350 et
1438 1301 1584 1353 verbonon
1596 1302 1770 1354 minusclaro
1783 1301 1894 1368 ἐπιγρα·

198 1363 341 1428 victorquc
355 1363 390 1413 ab
405 1363 543 1413 iudicibus
557 1365 718 1414 certaminis
736 1365 772 1414 sit
791 1363 951 1415 declaratus
966 1367 1033 1416 etin
1060 1364 1149 1428 φῆναι
1161 1363 1205 1428 (ιιι
1218 1365 1291 1432 apud
1305 1366 1391 1416 schol.
1401 1367 1560 1432 Euripidem
1570 1369 1650 1420 modo
1661 1369 1852 1434 memoratum)
1866 1372 1895 1420 in

198 1430 310 1480 tabulas
322 1431 447 1495 publicas
458 1429 571 1492 relatus,
585 1431 661 1482 nulla
671 1431 747 1482 iacta
757 1432 951 1498 Aristophanis
960 1450 1034 1485 men·
1060 1429 1194 1483 ὑποθέσει
1206 1433 1354 1497 Ranarum,
1367 1435 1415 1484 nbi
1427 1451 1474 1499 pro
1487 1435 1531 1487 διά
1543 1432 1711 1498 Φιλωνίδου,
1725 1438 1799 1504 qnod
1810 1440 1895 1489 satia

199 1498 286 1550 tione.
322 1499 441 1548 Tantum
454 1505 546 1550 tamen
560 1500 641 1551 abest
657 1505 688 1550 ut
701 1499 865 1550 delitescere
884 1507 1034 1566 propterea
1061 1499 1203 1550 codicibus
1220 1504 1335 1564 nostris,
1355 1502 1482 1552 Musurus
1499 1505 1529 1554 in
1547 1503 1669 1555 editione
1687 1505 1800 1569 Aldina,
1819 1505 1894 1556 haud

198 1571 250 1616 aut
266 1581 365 1616 nomeu
387 1580 464 1616 snum
486 1567 608 1632 ignorari
628 1567 663 1617 ab
680 1567 894 1618 Atheniensibus
915 1569 1034 1620 voluerit
1062 1565 1144 1617 dubie
1158 1583 1192 1617 ex
1205 1568 1300 1618 codice
1314 1569 1407 1633 aliquo
1424 1572 1541 1632 recenti,
1557 1573 1649 1636 posuit
1661 1569 1819 1639 Φιλωνίδης
1830 1571 1893 1625 έπε-

196 1633 413 1698 Aristophanes,
434 1639 467 1684 ut
487 1649 599 1699 operam
620 1634 749 1684 videatur
769 1634 930 1686 dedissent
951 1652 1031 1702 quam
1059 1633 1155 1699 γράφη
1173 1635 1218 1686 καί
1235 1633 1325 1688 ἐνίκαε
1346 1653 1398 1708 quo
1417 1637 1500 1687 verbo
1519 1640 1659 1703 antiquior
1675 1655 1783 1706 quoquc
1805 1656 1895 1707 gram·

198 1700 326 1768 plurimis
342 1702 535 1752 innotesceret.
569 1702 667 1766 Itaque
685 1718 739 1753 non
764 1708 806 1753 cst
827 1703 981 1754 mirandum
1004 1705 1033 1754 in
1062 1703 1181 1753 maticus
1202 1704 1303 1763 utitur,
1329 1707 1376 1770 qai
1399 1705 1427 1754 in
1446 1711 1576 1771 excerpto
1594 1721 1678 1771 supra
1697 1706 1757 1773 (lin.
1776 1706 1831 1772 91.)
1849 1725 1895 1773 ap-

197 1769 262 1834 ipsa
283 1768 500 1819 Acharnensium
522 1768 630 1826 tabula,
652 1770 871 1835 quotiescunque
896 1769 929 1820 de
951 1773 1033 1824 rebus
1060 1771 1160 1834 posito,
1174 1776 1318 1836 postquam
1328 1772 1361 1821 de
1375 1772 1486 1835 fabulis,
1500 1787 1568 1837 quas
1577 1772 1775 1840 Aristophanes
1786 1772 1893 1828 ἐδίδαξε

197 1841 301 1902 poetae
315 1835 459 1886 dicendum
473 1843 556 1900 esset,
570 1838 610 1886 ita
620 1838 706 1886 verba
716 1836 775 1887 lieri
787 1838 904 1888 utnulla
916 1854 1033 1903 usquam
1059 1835 1104 1888 διά
1117 1835 1325 1902 Καλλιστράτου
1337 1839 1383 1890 vel
1395 1838 1439 1890 διά
1453 1838 1625 1902 Φιλωνίδου,
1640 1842 1724 1904 dixit,
1738 1843 1779 1894 sic
1791 1845 1892 1909 pergit,

196 1903 297 1954 habita
312 1903 469 1954 Callistrati
486 1905 595 1955 ratione
607 1903 698 1955 omnia
710 1904 746 1956 ad
756 1906 971 1970 Aristophanem
986 1923 1032 1958 an·
1059 1903 1104 1956 διά
1116 1902 1147 1955 δέ
1158 1907 1245 1959 τοῦτο
1258 1903 1364 1968 ἀγαθὸς
1377 1908 1517 1969 νομισθεὶς
1530 1909 1649 1974 ποιητὴς
1657 1911 1710 1961 τοὺ
1723 1909 1824 1961 λοιποὺ
1834 1907 1892 1962 ἐπι-

197 1975 304 2022 ctorem
317 1971 481 2023 reserantur.
514 1970 657 2022 Eiusmodi
669 1977 712 2021 sst
725 1973 797 2036 quod
809 1974 940 2038 Equitum
954 1975 1032 2025 iabu·
1058 1971 1238 2036 γραφόμενος
1250 1970 1337 2026 ἐνίκα.
1360 1976 1402 2025 De
1415 1974 1597 2026 histrionibus
1608 1977 1656 2027 ubi
1668 1992 1755 2028 sermo
1764 1983 1818 2042 est,
1831 1993 1893 2030 nus·

196 2039 268 2100 lam,
287 2053 369 2104 quarn
381 2040 503 2104 proximo
515 2046 580 2105 post
591 2039 785 2091 Acharnenses
798 2056 869 2090 anno
883 2057 932 2092 suo
944 2042 1032 2107 ipsius
1060 2055 1140 2106 qnam
1158 2039 1263 2092 locutio
1279 2040 1382 2094 διδάξαι
1400 2039 1445 2094 διά
1460 2069 1494 2078 -
1511 2049 1560 2093 ant
1577 2040 1699 2106 εἰσάγειν
1714 2043 1803 2096 διά-
1816 2059 1892 2096 usur·

195 2107 306 2156 nominc
320 2105 413 2156 docuit
421 2107 629 2172 Aristophanes,
642 2107 696 2156 iam
709 2123 782 2158 nnnc
796 2123 826 2158 se
836 2109 963 2159 meditari
976 2126 1032 2160 ma·
1061 2113 1152 2173 patur,
1166 2124 1239 2174 quae
1252 2109 1338 2160 verba
1350 2110 1417 2159 solis
1428 2111 1596 2161 conveniunt
1607 2113 1706 2177 poetis,
1718 2111 1767 2163 sed
1779 2114 1892 2164 verbum

196 2174 311 2224 niicstis
333 2175 425 2239 prodit
445 2175 537 2225 verbis
559 2174 675 2224 Acharn.
694 2177 752 2226 300.
774 2172 813 2238 ὼς
836 2174 976 2240 μεμίσηκά
998 2191 1030 2230 σε
1058 2178 1088 2225 in
1100 2175 1153 2225 hac
1165 2192 1194 2226 re
1207 2178 1345 2241 proprium
1355 2176 1566 2241 ὑποκρίνεσθαι,
1580 2181 1648 2230 utin
1658 2178 1790 2232 ὑποθέσει
1800 2181 1893 2244 Pacis,

197 2240 329 2301 Κλέωνος
345 2240 387 2292 έτι
405 2243 526 2305 μᾶλλον,
548 2239 583 2293 δν
606 2239 611 2306 Ι
638 2244 789 2305 κατατεμῶ
806 2246 897 2296 τοισιν
915 2241 1032 2297 ἱππεὺσι
1057 2242 1093 2293 τὸ
1105 2241 1136 2294 δέ
1148 2242 1239 2306 δρᾶμα
1255 2241 1426 2309 ὑπεκρίνατο
1440 2243 1671 2311 Ἀπολλόδωρος,
1683 2253 1712 2297 ct
1723 2246 1795 2299 ΥΠΕ
1809 2249 1893 2312 (quod

195 2307 368 2370 καττύματα.
403 2309 487 2360 Porro
507 2309 585 2359 litem
608 2310 643 2360 ab
660 2308 762 2361 Cleone
785 2317 899 2376 propter
914 2312 1032 2377 Babylo·
1058 2309 1230 2373 ὑπεκρίνατο
1251 2314 1341 2375 potius
1365 2318 1408 2364 est
1429 2329 1510 2378 qnam
1531 2313 1603 2378 quod
1622 2314 1779 2366 Bosclrhius
1799 2316 1892 2380 posuit

194 2379 259 2428 nica
272 2377 394 2428 sabulum
411 2378 464 2428 sibi
481 2377 587 2428 illatam
605 2377 712 2428 duobus
728 2378 946 2429 Acharneusium
962 2379 1032 2431 locis
1057 2375 1240 2442 ὑπεκρίνετο)
1259 2385 1358 2444 quater
1369 2381 1399 2429 in
1411 2389 1586 2433 monumento
1604 2381 1775 2434 didascalico
1789 2382 1890 2449 olymp.

194 2445 304 2508 tangit,
323 2447 381 2494 317.
399 2442 486 2506 αὑτός
503 2443 530 2494 τ’
540 2442 664 2506 ἐμαυτὸν
680 2443 737 2496 ὑπὸ
756 2444 883 2507 Κλέωνος
900 2445 1012 2499 άπαθον
1025 2447 1032 2528 l
1060 2448 1118 2507 106,
1130 2449 1146 2495 2
1158 2448 1188 2495 in
1201 2445 1281 2511 (torp.
1293 2446 1379 2498 Inscr.
1391 2461 1432 2500 nt.
1445 2450 1503 2499 231.
1514 2448 1568 2498 vol.
1582 2452 1605 2500 1.
1619 2466 1645 2514 p.
1658 2450 1716 2501 363.

194 2509 348 2573 ἐπίσταμαι
357 2509 400 2563 διά
409 2512 464 2577 τὴν
473 2510 573 2576 πέρυσι
583 2509 741 2576 κωμιμδίαν.
754 2511 757 2576 l
768 2509 933 2576 είσελκὺσας
942 2514 1024 2578 γάρμ
1109 2516 1135 2563 4.
1154 2503 1262 2577 Ἱπάής.
1297 2515 1390 2564 Prima
1402 2516 1472 2565 haec
1489 2532 1582 2566 aarum
1596 2517 1750 2568 fabularum
1768 2523 1812 2568 est
1824 2533 1893 2584 quas

194 2577 226 2640 ἐς
240 2577 276 2630 τό
290 2578 490 2644 βουλευτήριον
504 2581 509 2646 Ι
524 2579 615 2644 ψευδῆ
627 2578 753 2641 διέβαλλε
767 2581 812 2631 καί
825 2580 1032 2645 κατεγλώττιζέ
1058 2595 1108 2631 suo
1132 2582 1241 2631 nomine
1265 2581 1414 2648 inscriptas
1438 2583 1468 2632 in
1491 2598 1601 2634 scenam
1625 2585 1762 2636 commisit
1785 2586 1891 2638 Aristo·

196 2661 254 2710 μου
281 2645 286 2712 Ι
313 2644 515 2711 κάκυκλοβόρει
531 2646 688 2710 κάπλυνεν,
717 2647 787 2699 ὥστ’
807 2646 905 2711 ὀλίγου
927 2649 1002 2700 πάνυ
1026 2688 1030 2714 ,
1059 2648 1164 2713 phanes
1180 2649 1301 2700 Lenaeis
1322 2665 1416 2700 mense
1438 2649 1599 2702 Gamelione
1620 2652 1770 2703 celebratis
1792 2653 1892 2720 olymp.

195 2713 357 2779 ἀπωλόμην
370 2713 738 2780 μολυνοπραγμονούμενος.
759 2719 788 2766 et
799 2719 857 2766 802.
873 2715 908 2768 οὐ
927 2715 980 2782 γάρ
997 2732 1031 2780 με
1059 2716 1101 2778 88,
1114 2719 1147 2778 4.,
1160 2720 1191 2764 ut
1203 2721 1365 2767 annotatum
1379 2719 1462 2768 estin
1475 2716 1623 2782 ὑποθέσει,
1640 2717 1770 2786 ἐδιδάχθη
1783 2720 1816 2772 τά
1829 2720 1892 2786 δρά-

196 2785 253 2834 νον
264 2797 297 2844 γε
309 2781 433 2846 διαβαλεῖ
447 2782 543 2836 Κλέων
556 2783 599 2834 δτι
620 2781 624 2847 Ι
644 2781 736 2834 ξένων
748 2781 903 2848 παρόντων
914 2786 969 2848 την
982 2784 1032 2837 πό-
1059 2797 1097 2846 μα
1108 2781 1154 2834 ἐπὶ
1167 2781 1377 2848 Στρατοκλέους
1394 2783 1531 2849 άρχοντος
1548 2785 1668 2854 δημοσίᾳ
1685 2783 1724 2850 είς
1736 2786 1843 2853 Λήναια
1855 2787 1890 2840 δι’

195 2851 243 2901 λιν
260 2852 353 2912 κακιὺς
370 2849 454 2913 λέγω.
490 2853 617 2916 Denique
634 2850 836 2916 possessionem
857 2866 936 2903 auam
953 2854 1034 2918 Aegi·
1059 2849 1148 2902 αὑτοὺ
1162 2851 1397 2916 Ἀριστοφάνους,
1418 2858 1447 2903 ct
1459 2855 1492 2903 ab
1506 2853 1591 2907 schol.
1604 2857 1662 2906 501.
1681 2855 1734 2908 vol.
1747 2859 1770 2907 2.
1789 2872 1817 2921 p.
1830 2859 1889 2920 236,

197 2919 319 2969 neticam
331 2923 465 2970 memorat
476 2935 503 2972 ν.
516 2920 574 2971 cot.
589 2920 617 2968 in
630 2933 685 2985 qua
697 2919 791 2970 insula
804 2918 851 2969 diu
863 2918 1033 2986 multumque
1060 2921 1100 2970 13.
1119 2917 1134 2968 ό
1147 2919 1269 2984 ποιητής
1285 2921 1372 2972 rouro
1388 2923 1505 2986 πράιτον
1520 2921 1555 2972 τό
1572 2920 1663 2986 δρᾶμα
1679 2921 1715 2973 δι’
1726 2922 1827 2974 ἑαυτοῦ
1846 2938 1892 2975 κα-

194 2991 339 3038 versatum
353 3001 413 3037 esse
425 2986 638 3052 Aristophanem
651 2991 746 3036 narrat
755 2985 924 3052 biographus
937 2986 1033 3054 (supra
1059 2986 1137 3050 θῆκε,
1154 2986 1192 3038 τά
1203 2985 1229 3038 δ’
1240 2985 1313 3039 άλλα
1324 2986 1359 3038 δι’
1371 2987 1477 3054 ἑτέρων
1489 2988 1664 3053 προσώπων.
1689 2991 1796 3041 Primus
1808 2991 1891 3042 huius

197 3071 224 3118 p.
235 3055 279 3117 24,
288 3051 342 3117 33.)
355 3060 384 3104 et
396 3053 552 3106 oleruohum
563 3069 624 3104 eum
635 3054 891 3120 iuisseAeginetam
905 3056 1032 3108 exTheo-
1060 3053 1172 3105 tabulae
1186 3060 1280 3121 partes
1289 3057 1502 3122 Aristophanem
1513 3059 1628 3122 ipsume
1648 3058 1703 3108 isse
1716 3057 1794 3110 άιιιιίι
1804 3059 1892 3113 ιιαίιοί.

196 3122 278 3186 genis
289 3121 360 3172 libro
377 3121 442 3186 περὶ
459 3119 572 3186 Αίγίνης
588 3121 677 3172 refert
694 3121 778 3172 schol.
797 3121 923 3173 Platonis
941 3124 1033 3176 verbis
1060 3121 1096 3170 ad
1112 3137 1137 3175 v.
1154 3123 1211 3174 230.
1229 3125 1282 3176 vol.
1300 3127 1324 3176 2.
1342 3139 1369 3188 ρ.
1390 3126 1449 3186 193,
1469 3127 1509 3174 12.
1530 3123 1604 3186 λέγει
1638 3140 1664 3176 τι
1682 3125 1802 3188 μηδενός
1823 3126 1891 3178 ὑπο-

194 3189 404 3255 snpralin.113.
418 3190 561 3255 appositis.
579 3192 701 3253 Quarum
712 3205 801 3240 rerum
814 3191 934 3250 rationes
948 3207 1032 3257 quan·
1059 3188 1182 3250 στάντος
1201 3187 1290 3242 αὐτόν
1317 3189 1517 3256 ὑποκρίνεσθαι
1539 3190 1627 3253 αὑτός
1648 3192 1664 3243 ὁ
1687 3191 1892 3260 Ἀριστοφάνης

195 3257 301 3308 temris
313 3257 477 3309 manifestas
490 3272 572 3323 quum
582 3257 670 3308 minus
681 3258 890 3322 perspexissent
899 3274 1032 3324 gramma·
1058 3255 1201 3320 μιλτώσας
1214 3255 1316 3310 ἑαυτὸν
1328 3257 1508 3324 ὑπεκρίνατο,
1527 3259 1592 3326 brt]
1609 3257 1709 3326 τρυγίᾳ
1720 3258 1817 3324 χρίσας
1830 3260 1891 3314 ἑαυ-

197 3325 249 3374 tici
267 3325 379 3391 qnidam
397 3340 487 3391 neque
506 3325 541 3375 ad
557 3325 634 3374 illam
651 3325 684 3375 de
702 3325 850 3390 Equitibus
867 3327 1032 3390 praedictio·
1058 3323 1124 3389 τόν,
1137 3325 1209 3376 male
1221 3327 1374 3378 intellectis
1387 3333 1486 3393 poetae
1500 3328 1605 3379 verbis:
1625 3329 1672 3393 qui
1684 3344 1760 3380 error
1771 3343 1891 3380 commu-

194 3408 260 3444 nem
272 3393 391 3442 animum
403 3393 604 3454 advertissent,
621 3393 650 3442 iu
669 3407 729 3444 eam
741 3392 828 3444 delati
845 3398 910 3445 suut
927 3396 1031 3461 opinio·
1058 3393 1102 3444 nis
1120 3394 1146 3442 ei
1162 3398 1206 3444 est
1223 3409 1283 3444 curn
1299 3394 1452 3460 biographo
1469 3397 1564 3461 (supra
1582 3413 1607 3461 p.
1625 3399 1672 3460 24,
1689 3395 1740 3456 22.)
1760 3401 1789 3446 et
1805 3398 1891 3449 schol.

195 3461 528 3526 nemntAristophanem,
538 3476 620 3525 quum
628 3459 798 3524 Babylonios
807 3461 1031 3513 etAcharuenses
1058 3462 1141 3524 Vesp.
1159 3463 1232 3512 1021.
1247 3459 1324 3525 (1016
1337 3461 1431 3526 Kust.)
1443 3463 1496 3513 vol.
1509 3466 1533 3513 2.
1546 3479 1571 3528 ρ.
1584 3466 1642 3527 506,
1656 3466 1696 3515 18.
1714 3462 1758 3516 διά
1769 3462 1822 3529 γάρ
1839 3464 1892 3516 τόν

195 3528 341 3589 scriberet,
355 3526 512 3579 callistrati
524 3543 672 3594 personam
683 3544 717 3578 ex
729 3529 803 3578 omni
815 3533 894 3594 parte
907 3529 1030 3580 induisse
1058 3525 1189 3579 κίνδυνον
1202 3527 1294 3590 οὐδεὶς
1305 3527 1441 3594 ὑπεκρίθη
1459 3529 1527 3591 τοὺς
1539 3529 1658 3594 Ἱππέας,
1675 3532 1722 3596 qui
1733 3531 1815 3584 haine
1828 3548 1891 3597 quo-

196 3595 253 3646 sibi
261 3595 471 3661 persuaderent:
484 3595 710 3662 quemadmodum
719 3596 836 3646 Ioannes
846 3598 948 3647 'Factae
959 3614 1030 3648 com·
1059 3611 1111 3659 quc
1129 3595 1185 3646 loci
1197 3597 1282 3648 verba
1298 3594 1455 3648 arboretam
1472 3596 1535 3648 καθ’
1553 3596 1656 3649 ἑαυτὸν
1673 3613 1728 3648 non
1744 3599 1891 3662 intellexit,

196 3664 348 3716 menterios
361 3665 389 3713 iu
401 3664 614 3730 Lycophronem
631 3679 696 3714 suos
708 3664 807 3715 isaaco
825 3664 908 3714 tratri
924 3679 954 3715 se
968 3657 1031 3730 παρ’·
1058 3679 1140 3728 quum
1153 3663 1189 3713 ad
1200 3664 1319 3729 Equites
1331 3666 1448 3715 referret
1464 3665 1586 3731 quae-de
1599 3665 1687 3716 tribus
1701 3666 1796 3730 primis
1812 3667 1890 3717 iabu-

195 3731 323 3796 poeuisse
341 3732 475 3796 gloriatur
491 3733 520 3781 in
538 3731 658 3796 epistola
675 3731 711 3780 ad
723 3729 856 3782 Basiliam
872 3737 1031 3797 protonota-
1057 3731 1105 3792 lis,
1118 3729 1344 3791 Daetalensibua,
1360 3732 1521 3797 Babyloniis
1534 3737 1563 3782 et
1574 3731 1798 3784 Acharnenslbus
1810 3733 1892 3784 intel-

195 3800 276 3849 rium.
311 3798 409 3866 Itaque
423 3799 612 3850 Callistratum
623 3799 700 3848 illum
713 3798 1031 3850 noneolnmclernchum
1057 3797 1108 3864 ligi
1120 3799 1208 3850 voluit
1220 3799 1427 3864 Aristophanes.

196 3867 286 3917 fnisse
301 3865 439 3916 finxerunt
455 3867 632 3932 Aeginetaur,
652 3865 699 3916 sed
720 3867 806 3916 stiam
827 3867 959 3918 Cleonem
976 3883 1030 3918 non
1109 3868 1133 3917 5.
1147 3869 1228 3917 etas.
1249 3865 1371 3929 Νεφέλαι
1383 3864 1527 3932 πρότεραι.
1553 3865 1674 3932 Νεφέλαι
1686 3866 1821 3932 δεύτεραι.
1847 3870 1891 3919 De

199 3934 394 3999 Aristophani,
414 3934 463 3985 sed
476 3933 640 3984 Callistrato
651 3933 728 3983 litem
741 3939 853 4000 propter
864 3935 1029 3999 Babylonio·
1059 3933 1162 3999 duplici
1179 3933 1259 3984 huius
1278 3935 1391 3985 fabulae
1408 3935 1544 3997 editione,
1562 3950 1677 4000 quarum
1694 3937 1769 4001 prior
1791 3935 1890 4001 olymp.

195 4017 257 4052 rum
267 4000 390 4053 fabulam
400 4001 553 4052 intendisse
565 4001 753 4053 crediderunt:
768 4002 816 4067 qni
824 4017 899 4053 error
911 4005 940 4053 in
951 4002 1030 4054 scho-
1058 4003 1100 4062 89,
1114 4004 1137 4052 1.
1151 4001 1282 4052 archonte
1296 4001 1408 4054 Isarcho
1421 4009 1496 4066 acta,
1514 4003 1605 4054 altera
1617 4000 1766 4064 ἀδίδακτος
1778 4007 1890 4068 aposta

196 4069 244 4119 liis
260 4069 345 4133 Vesp!
360 4071 432 4120 1276.
454 4069 692 4121 animadvertitur.
728 4067 858 4120 Ceterum
874 4069 1031 4121 Philonidis
1058 4070 1158 4120 relicta
1171 4073 1228 4132 est,
1247 4069 1304 4119 dixi
1316 4069 1351 4120 ad
1363 4071 1472 4136 Pragm.
1490 4087 1517 4136 p.
1533 4072 1674 4123 187-189.
1698 4071 1819 4120 Priorem
1833 4070 1891 4121 edi-

198 4143 228 4188 et
245 4135 402 4188 Callistrati
419 4137 572 4187 nominibus
589 4153 642 4188 nou
659 4138 689 4190 in
705 4137 795 4188 tribus
811 4137 905 4202 primis
924 4143 1032 4188 tanturn
1058 4138 1159 4187 tionem
1169 4134 1377 4190 διάΦιλωνίδου
1387 4137 1490 4188 editam
1501 4151 1562 4189 esse
1573 4154 1627 4189 non
1637 4137 1769 4190 traditum
1779 4137 1889 4202 quidem

199 4203 316 4266 sabulis,
334 4203 384 4254 sed
397 4203 482 4255 etiarn
494 4209 605 4270 postero
618 4209 757 4269 tempore,
775 4206 983 4271 quibuscunque
997 4206 1031 4256 de
1059 4204 1143 4255 estin
1156 4202 1290 4256 ὑποθέσει
1304 4221 1328 4270 ρ.
1344 4204 1459 4267 31.1v.,
1479 4205 1529 4255 aed
1541 4205 1636 4271 colligi
1648 4211 1741 4270 potest
1753 4221 1788 4254 ex
1799 4205 1891 4255 verbis

197 4273 321 4335 caussis,
335 4273 454 4338 quinque
467 4271 532 4322 aliis
545 4272 573 4322 in
587 4271 703 4335 tabulis,
717 4287 831 4336 quarum
844 4278 977 4338 quattuor
988 4289 1032 4324 su·
1059 4272 1230 4337 grammatici
1243 4287 1327 4338 snpra
1339 4265 1475 4337 appositis
1489 4271 1548 4334 (lin.
1561 4271 1623 4337 90),
1636 4271 1673 4323 τά
1685 4269 1814 4324 πολιτικά
1826 4269 1889 4336 δρά-

196 4346 328 4405 pessunt,
345 4344 373 4390 ct
385 4340 504 4391 fortasse
518 4340 628 4404 saepius
641 4341 670 4389 in
682 4340 811 4404 perditis,
830 4356 897 4392 usus
914 4345 957 4392 est
968 4340 1029 4391 Ari·
1059 4352 1132 4402 ματα
1150 4337 1350 4404 Καλλιστράτῳ
1368 4339 1456 4403 φασιν
1474 4338 1564 4392 αὑτὸν
1584 4338 1703 4403 διδόναι,
1724 4337 1761 4389 τά
1779 4337 1810 4391 δέ
1827 4339 1890 4392 κατ’

196 4405 358 4472 stophanes.
377 4413 405 4458 et
417 4406 564 4456 Philonide
582 4407 690 4472 quidem
707 4407 736 4456 in
752 4407 877 4460 Nubibus
894 4413 922 4458 et
933 4408 1032 4473 Vespia
1059 4404 1206 4470 Εὐριπίδου
1230 4403 1320 4473 (velut
1344 4406 1450 4470 Ranae)
1478 4407 1524 4458 καί
1544 4404 1712 4472 Σωκράτους
1736 4404 1889 4472 Φιλωνίδῃ,

197 4474 245 4538 (ds
259 4489 311 4540 quo
327 4474 403 4524 inira
420 4475 528 4526 dicetur
545 4476 594 4526 sub
609 4475 758 4525 numerisb
776 4481 804 4526 et
817 4474 856 4538 6.)
873 4475 973 4540 olymp.
988 4478 1031 4540 89,
1059 4489 1140 4540 quum
1161 4473 1304 4525 Socratem
1325 4475 1402 4526 nulla
1425 4474 1480 4524 alia
1503 4476 1532 4524 in
1549 4475 1645 4525 tabula
1666 4479 1777 4539 praeter
1797 4475 1891 4526 Nubes

196 4545 235 4606 2.,
257 4541 424 4608 Amphiarao
443 4542 541 4607 olymp.
556 4544 604 4604 01,
622 4544 647 4592 2.
666 4547 695 4592 et
711 4543 798 4594 Ranis
816 4543 915 4609 olymp.
933 4545 978 4602 98,
997 4547 1031 4609 3.,
1058 4543 1088 4592 in
1100 4557 1210 4592 scenam
1222 4542 1384 4607 produxisse
1396 4541 1744 4606 videaturAristophanes.
1769 4541 1891 4592 Alteram

197 4607 361 4660 Callistrato
376 4625 442 4659 uero
459 4610 487 4660 in
499 4609 604 4661 Avibus
618 4609 717 4675 olymp.
730 4611 777 4676 91,
790 4613 813 4660 2.
834 4616 862 4661 et
874 4611 1032 4677 Lysistrata
1059 4625 1129 4674 quae
1148 4614 1275 4674 superest
1288 4609 1451 4671 editionem,
1469 4625 1523 4660 non
1537 4615 1602 4660 ante
1616 4609 1715 4673 olymp.
1728 4609 1769 4673 89,
1782 4611 1807 4658 4.
1826 4611 1891 4660 scri·

196 4677 300 4742 olymp.
321 4677 369 4738 92,
389 4681 412 4727 1.
447 4677 489 4726 Ad
511 4677 652 4742 utriusque
673 4692 804 4748 personas
826 4679 899 4742 quod
920 4680 1031 4742 attinet,
1058 4683 1143 4742 ptam,
1156 4676 1249 4730 multis
1262 4677 1388 4743 partibus
1401 4677 1539 4728 diversam
1552 4692 1568 4727 a
1580 4676 1670 4742 priore
1682 4691 1743 4726 esse
1757 4693 1791 4727 ex
1803 4692 1891 4742 gram·

196 4743 374 4796 Philonidem
394 4749 503 4808 poetam
526 4747 659 4795 comicum
683 4746 770 4795 luisse
792 4747 930 4810 novimus,
954 4747 1032 4797 cuius
1058 4744 1891 4810 maticorum,quiutraqneeditioneuaisuut,testirnoniisad

196 4813 282 4863 trium
306 4811 505 4862 comoediarum
528 4813 658 4862 memoria
685 4818 826 4878 superest,
854 4813 1031 4864 Callistratus
1059 4813 1170 4878 Pragm.
1187 4830 1213 4879 p.
1226 4815 1283 4864 188.
1300 4813 1438 4878 appositis
1454 4812 1553 4862 melius
1570 4812 1745 4876 cognoscitur
1761 4827 1843 4876 quam
1856 4827 1890 4861 ex

196 4894 266 4930 vero
283 4883 374 4929 utrum
393 4881 452 4944 ipse
471 4893 579 4944 quoque
593 4885 676 4946 poeta
693 4881 790 4944 luerit,
813 4897 849 4930 an
865 4895 921 4933 non
939 4881 1032 4945 inerit,
1059 4879 1188 4932 editionis
1199 4880 1298 4945 prioris
1312 4881 1482 4945 fragmentis,
1495 4895 1566 4944 qnae
1576 4893 1717 4944 perpauca
1731 4893 1818 4943 caque
1829 4893 1890 4946 par·
1937 4941 1947 4948 ·

197 4959 257 5000 non
269 4946 358 5011 magis
371 4947 469 4998 scimus
482 4963 563 5013 quam
575 4948 636 5012 quis
649 4947 734 4998 luerit
746 4949 939 4999 Demostratus
952 4947 987 4999 δι’
998 4947 1032 5000 οὑ
1058 4947 1108 4998 tim
1121 4947 1205 4998 dubia
1217 4952 1290 4999 sunt.
1319 4947 1508 4998 Certissimum
1521 4953 1654 4998 estunam
1666 4947 1701 4996 ab
1711 4946 1811 4998 Photio
1823 4947 1891 4996 Lex.

198 5013 321 5074 Εὔπολις
333 5013 386 5065 τόν
399 5012 562 5067 Αὐτόλυκον
575 5012 713 5078 ἐδίδαξεν,
731 5020 762 5066 αι
774 5015 932 5067 Athenaeus
949 5031 1032 5067 anno·
1060 5033 1085 5080 ρ.
1097 5017 1156 5078 398,
1171 5018 1210 5064 11.
1228 5019 1382 5079 servatum,
1399 5014 1548 5065 manifesto
1565 5014 1599 5064 de
1611 5015 1731 5066 Nubium
1749 5014 1831 5064 choro
1849 5012 1890 5064 di-

196 5082 272 5134 tavit
284 5083 308 5131 δ.
323 5099 348 5148 p.
361 5085 410 5134 216
423 5082 449 5132 d.
463 5090 513 5133 aut
524 5083 684 5147 Dionysius,
698 5082 1032 5149 quiinvttolsocratis·)
1060 5088 1146 5144 ctum,
1173 5081 1201 5144 ἐς
1221 5084 1277 5146 τὴν
1296 5081 1425 5149 Πάρνηθ’
1441 5081 1611 5146 όργισθείσαι
1632 5080 1752 5146 φροίλδαι
1772 5082 1817 5132 καί
1837 5079 1891 5131 τόν

196 5155 374 5212 memoratur,
387 5154 435 5201 aut
445 5151 634 5214 Democrates,
648 5151 725 5201 cuius
738 5166 836 5202 nomen
846 5150 1033 5203 Callimachus
1059 5149 1256 5216 Λυκαβηττόν,
1280 5158 1312 5201 nt
1328 5150 1433 5202 correxi
1454 5149 1526 5213 quod
1543 5151 1638 5214 inepte
1660 5151 1689 5200 in
1708 5149 1803 5200 codice
1826 5149 1892 5198 scri-

1060 5223 1135 5284 ptum
1157 5222 1200 5269 est
1220 5217 1292 5270 κατά
1311 5217 1365 5270 τὸν
1381 5245 1425 5268 -.
1451 5217 1495 5266 oni
1516 5217 1702 5268 emendationi
1723 5233 1777 5268 non
1798 5216 1892 5267 obstat

1059 5285 1132 5352 quod
1148 5285 1253 5339 Parnes
1273 5286 1415 5351 aliquanto
1437 5285 1547 5350 longius
1564 5300 1645 5350 quam
1666 5285 1839 5348 Lycabettus
1855 5285 1890 5334 ab

250 5349 276 5418 *)
289 5350 371 5417 Apud
383 5351 694 5404 Pseudo-Plutarchum
706 5353 736 5402 in
749 5353 822 5403 Vitis
835 5352 929 5404 decem
942 5357 1032 5404 orato·
1057 5356 1125 5406 urbe
1144 5353 1260 5405 dissitus
1277 5360 1326 5404 est.
1362 5355 1432 5405 Narn
1449 5368 1531 5418 quum
1548 5353 1690 5418 utriusque
1704 5353 1804 5403 montis
1820 5351 1892 5402 situs

196 5435 258 5470 rum
281 5435 308 5484 p.
325 5420 376 5471 889
394 5436 421 5471 c:
444 5417 461 5470 δ
482 5417 507 5470 δ’
524 5417 664 5484 Ἀφαρεὺς
685 5419 827 5485 (Isocratis
848 5419 931 5484 lilius)
952 5418 1031 5472 συνέ-

196 5499 291 5554 γραψε
309 5485 362 5550 μὲν
377 5485 492 5552 λόγους,
511 5485 544 5539 οὑ
561 5487 685 5549 πολλοὺς
702 5485 746 5552 δὲ,
765 5485 919 5550 δικανικοὺς
936 5502 969 5540 τε
986 5488 1032 5539 καί

196 5553 462 5618 συμβουλευτικούς.
486 5553 602 5620 ἐποίησε
614 5554 645 5607 δὲ
657 5555 703 5607 καί
715 5553 872 5620 τραγῳδίας
883 5555 948 5620 περι
959 5555 1032 5607 ἑπτά
1057 5553 1196 5607 κοσιοκτιδ
1209 5553 1387 5616 διδασκαλίας
1403 5551 1519 5616 άστικάς
1536 5555 1659 5619 καθῆκεν
1675 5550 1703 5606 a
1716 5552 1762 5604 καί
1779 5551 1820 5614 δίς
1837 5549 1892 5604 ἐνί-

196 5621 245 5674 και
256 5619 419 5687 τριάκοντα,
432 5621 475 5674 ιδν
483 5621 678 5685 ἀντιλέγονται
689 5621 749 5674 δὺο.
771 5621 923 5688 ἀρξάμενος
934 5623 965 5675 δέ
975 5622 1032 5675 άπὸ
1058 5635 1128 5688 κησε
1144 5622 1189 5675 διά
1205 5619 1357 5676 Διονυσίου
1375 5622 1469 5684 καθείς
1486 5622 1532 5674 καί
1549 5623 1584 5674 δι’
1600 5621 1708 5686 ἑτέρων
1725 5619 1823 5686 ἑτέρας
1839 5618 1890 5672 δύο

195 5688 394 5754 Λυσιστράτου
410 5688 549 5742 διδάσκειν
564 5689 627 5756 άχρι
644 5689 820 5754 Σωσιγένους
837 5691 868 5744 έν
885 5691 978 5744 ἔτεσιν
995 5687 1031 5743 εί·
1058 5690 1206 5756 Ληναϊκάς.

1640 5771 1687 5830 41

1436 643 1635 652 -.---..-...-.
1663 647 1895 656 .-.Μ

197 5277 350 5286 ———-——.-
