4372 6614
832 493 933 545 VITA
962 492 1208 546 soanocnrs.
1826 490 1864 554 15

120 660 125 670 ·
179 660 293 710 namque
312 647 430 697 omnium
451 659 521 710 quae
542 652 688 711 supersunt
706 647 923 710 antiquissimam
945 661 1005 697 esse
1033 643 1068 695 lis
1089 645 1204 709 perditis
1224 645 1304 706 fecit,
1328 645 1381 694 etsi
1397 643 1536 694 difficilius
1553 643 1587 694 de
1604 644 1647 695 his
1664 642 1795 692 iudicium
1812 648 1862 705 est,

179 712 354 769 ostendimus.
377 713 410 764 In
422 719 482 764 arte
494 714 608 764 metrica
621 713 783 778 Aeschylum
796 729 849 764 uon
862 715 1006 780 superavit
1034 727 1115 778 quum
1128 712 1163 763 de
1175 712 1313 778 plerisque
1326 711 1394 762 nihil
1406 717 1516 777 praeter
1532 727 1629 763 nomen
1643 710 1755 762 fabulae
1768 714 1796 760 et
1808 710 1863 760 exi·

180 780 341 846 Sophocles:
363 797 427 832 nam
447 781 544 831 iisdem
565 781 622 832 fore
644 781 742 847 quibus
762 782 809 832 ille
830 783 924 832 metria
940 798 1007 832 usus
1036 795 1090 846 gua
1101 781 1255 846 fragmenta
1264 780 1389 830 relictum
1398 781 1444 844 sit,
1454 795 1566 846 quorum
1577 795 1641 846 pars
1651 780 1732 844 longe
1743 780 1863 828 maxima

179 854 232 912 est,
248 849 394 916 differtque
408 850 443 900 ab
453 849 589 913 Aeschylo
602 866 634 901 eo
647 850 816 916 potissimum
829 851 902 916 quod
918 850 1005 900 multo
1034 849 1103 898 nihil
1118 849 1227 899 confert
1238 848 1274 898 ad
1288 853 1449 913 argumenta
1461 848 1618 899 fabularum
1631 845 1833 912 perspicienda.

178 919 349 982 frequentius
369 932 448 981 quarn
465 916 512 968 ille
528 918 655 969 versibus
671 917 825 984 glycoueis,
842 918 927 968 multo
941 934 1006 968 vero
1085 916 1128 967 Ad
1146 916 1256 967 deorum
1274 916 1377 968 cultum
1395 915 1467 982 quod
1485 917 1587 967 attinet
1604 930 1659 966 non
1670 915 1758 966 solum
1770 929 1863 979 super-

182 985 267 1035 rarius
280 985 448 1036 dochmiacis
459 1000 524 1036 usus
538 989 589 1036 est.
618 987 660 1036 De
673 987 780 1050 Oedipo
796 1001 860 1050 rege
879 987 947 1036 mira
965 991 1008 1036 est
1034 985 1115 1036 stite·
1133 984 1275 1050 Sophoclis
1294 985 1419 1048 fabulae,
1442 985 1490 1036 sed
1509 987 1591 1034 etiam
1608 984 1774 1050 perditarum
1791 982 1865 1048 frag·

180 1055 302 1104 narratio
320 1053 456 1104 Athenaei
474 1055 498 1103 7.
516 1068 542 1116 p.
555 1055 605 1102 276
619 1069 642 1104 a.
661 1051 775 1118 καὶγὰρ
795 1051 915 1106 Καλλίαν
932 1051 1006 1105 ἱστο-
1034 1057 1127 1103 menta
1143 1051 1222 1118 plura
1241 1055 1310 1102 satis
1329 1053 1404 1104 clare
1427 1052 1575 1103 ostendunt
1593 1056 1697 1117 quanta
1714 1065 1779 1116 erga
1797 1049 1864 1100 deos

181 1123 221 1184 pei
235 1119 399 1186 (Κλέαρχος)
410 1121 469 1214 ,τὸν
487 1119 635 1186 Ἀθηναῖον
655 1122 849 1186 γραμματικὴν
866 1122 1008 1173 συνθεῖναι
1033 1122 1248 1202 pietateniu'erit,
1262 1121 1402 1202 dissimilis
1412 1120 1539 1186 Euripidi
1550 1121 1630 1171 novis
1641 1118 1863 1202 philosophorum

177 1187 1007 1324 {iiiiiialtitt⁰itit0i0tili.tt¹illidit}
1034 1188 1863 1322 litiiiiiiiilntttlttithtt:{alitigitis

179 1340 229 1389 qua
243 1324 302 1375 dixi
314 1325 342 1374 in
354 1326 421 1375 Vita
434 1325 520 1376 Oxon.
533 1341 558 1390 p.
572 1326 755 1380 LV—LVIII.
1035 1325 1200 1375 documenta
1213 1341 1246 1376 an
1255 1325 1460 1376 narrationibus
1471 1325 1582 1375 elucent
1591 1323 1745 1389 biographi,
1759 1321 1792 1372 de
1803 1322 1862 1386 qui·

224 1393 268 1443 Do
281 1393 436 1446 fabularum
449 1393 617 1459 perditarum
634 1395 814 1458 temporibus,
831 1394 858 1454 si
871 1411 887 1444 a
899 1395 1007 1459 Tripto-
1035 1394 1085 1444 bus
1098 1393 1155 1442 dixi
1169 1394 1197 1443 in
1210 1395 1276 1444 Vita
1290 1392 1374 1444 Oxon.
1387 1408 1412 1459 p.
1426 1393 1514 1445 XVII.

177 1460 246 1512 lemo
259 1461 434 1524 discesseris,
452 1461 485 1512 de
499 1477 551 1526 quo
563 1461 657 1527 paullo
670 1473 733 1513 ante
751 1462 921 1525 dicebamus,
939 1461 1007 1512 nihil
1086 1460 1243 1513 Honoriiica
1267 1461 1300 1510 de
1322 1460 1466 1526 Sophoclis
1487 1463 1564 1526 poesi
1586 1471 1666 1525 quum
1689 1458 1862 1522 Graecorum,

178 1533 300 1592 constat,
313 1530 366 1580 nisi
380 1529 451 1594 qnod
463 1529 658 1580 Athamantem
671 1535 735 1580 ante
748 1529 939 1596 Aristophanis
951 1531 1007 1580 Nu·
1034 1529 1098 1580 inde
1111 1530 1146 1579 ab
1160 1529 1358 1594 Aristophane,
1375 1533 1431 1578 tum
1443 1529 1602 1580 Latinorum
1619 1529 1780 1594 scriptorum
1796 1527 1863 1577 iudi-

177 1597 224 1647 bas
236 1598 266 1660 (i.
281 1614 305 1650 e.
318 1603 383 1648 aute
397 1598 497 1663 olymp.
506 1599 548 1662 89,
559 1595 601 1664 1.),
615 1599 810 1664 Amphiaraum
823 1603 888 1649 ante
901 1599 1007 1664 Vespas
1035 1594 1108 1662 cia*)
1124 1597 1224 1662 collegi
1236 1598 1265 1646 in
1277 1597 1341 1648 Vita
1354 1597 1441 1647 Oxou.
1456 1613 1481 1662 p.
1494 1596 1707 1648 LXIII-LXX.
1736 1594 1862 1646 Infinitae

177 1663 290 1730 (olymp.
309 1667 351 1730 89,
364 1663 412 1730 A),
431 1666 568 1716 Helenam
586 1669 613 1716 et
630 1666 781 1732 Telephum
805 1671 870 1717 ante
891 1668 1006 1731 Equites
1035 1665 1068 1716 da
1081 1681 1115 1716 ea
1127 1671 1191 1716 sunt
1203 1667 1386 1715 recentiorum
1399 1665 1461 1715 inde
1473 1666 1507 1715 ab
1518 1665 1658 1730 superiore
1671 1663 1765 1714 seculo
1777 1678 1863 1727 usque

177 1733 288 1800 [olymp.
305 1735 353 1798 88,
370 1733 419 1798 4.),
444 1733 578 1796 'l'yronem
600 1738 665 1784 aute
687 1735 870 1797 Lysistratam
894 1733 1006 1800 (olymp.
1034 1734 1069 1784 nd
1081 1734 1231 1784 novissima
1243 1739 1368 1798 tempora
1379 1733 1498 1784 virorum
1510 1733 1651 1783 doctorum
1664 1731 1863 1797 disputationes

177 1801 269 1866 92,1.)
289 1801 379 1852 editas
396 1817 456 1852 esse
469 1802 568 1867 liquet,
586 1817 667 1866 quum
684 1802 720 1852 ad
738 1803 833 1852 harum
852 1802 1005 1852 fabularum
1035 1807 1063 1851 et
1076 1802 1217 1867 opiniones
1229 1801 1441 1865 diversissimae,
1452 1801 1549 1865 quibus
1559 1801 1683 1851 omnibus
1691 1797 1865 1865 perlegendis

178 1869 238 1919 loca
251 1871 284 1920 in
295 1869 445 1922 cohroediis
461 1869 517 1921 illis
529 1869 635 1921 alludat
647 1871 855 1936 Aristophanes.
880 1870 922 1922 De
935 1876 1006 1921 cete·
1034 1872 1080 1934 qui
1099 1870 1134 1920 ad
1152 1870 1244 1920 studia
1262 1869 1415 1934 Sophoclea
1433 1883 1599 1935 praeparare
1616 1884 1645 1919 se
1664 1869 1733 1919 velit
1750 1882 1810 1917 sero
1827 1866 1863 1916 ad

177 1953 266 1988 rarum
280 1939 448 2004 temporibus
460 1953 493 1988 ne
507 1939 679 1989 coniecturae
694 1939 803 2004 quidem
815 1939 892 1990 locas
904 1944 957 1988 est.
1033 1940 1152 2002 ipsarum
1166 1937 1368 2003 tragoediarum
1386 1938 1533 1988 lectionem
1546 1936 1704 2003 perveniet,
1722 1934 1864 1986 dissimilia

224 2005 256 2054 In
276 2005 410 2072 eligendis
428 2004 581 2057 fabularum
598 2007 767 2072 argumentis
784 2007 839 2058 atsi
854 2006 934 2072 plura
951 2006 1004 2057 sibi
1034 2006 1247 2057 Atheniensibus
1256 2006 1403 2068 veteribus,
1414 2006 1461 2070 qni
1470 2004 1555 2055 nullis
1564 2002 1717 2055 huiusmodi
1726 2003 1864 2054 laboribus

176 2074 288 2139 propria
300 2073 398 2126 habuit
408 2075 565 2140 Sophocles,
579 2081 670 2124 tamen
684 2077 712 2124 in
724 2075 881 2125 universum
894 2074 1005 2124 easdem
1035 2074 1183 2124 exantlatis
1205 2073 1371 2140 tragicorum
1393 2073 1503 2124 fabulas
1523 2073 1553 2122 in
1573 2072 1683 2124 theatro
1703 2087 1757 2123 non
1779 2070 1864 2121 solum

177 2157 242 2205 quas
259 2142 311 2192 alii
324 2147 424 2208 poetae
438 2143 539 2208 tragici
551 2143 612 2193 vias
624 2144 696 2194 iniit.
732 2143 800 2194 Nam
819 2142 1004 2192 dimidialere
1034 2144 1213 2208 spectabant,
1237 2141 1286 2192 sed
1309 2143 1391 2192 etiam
1409 2141 1616 2207 intelligebant,
1641 2138 1864 2206 quemadmodum

176 2209 332 2260 fabularum
344 2211 405 2261 eius
415 2225 481 2273 pars
491 2214 652 2276 argumenta
662 2210 759 2261 habuit
772 2227 806 2261 ex
814 2215 937 2260 veterum
948 2209 1005 2276 epi·
1035 2217 1144 2274 postero
1157 2216 1278 2276 tempore
1291 2210 1459 2260 Aristoteles
1476 2224 1582 2275 quoqne
1595 2210 1705 2273 penitus
1717 2207 1864 2266 intellexit,

177 2291 267 2327 corum
283 2277 449 2330 carminibus
463 2279 614 2344 depromta,
628 2294 717 2344 pauca
731 2295 764 2328 ex
775 2277 863 2330 Iliade
877 2284 906 2328 et
919 2278 1006 2342 Odys·
1034 2293 1115 2343 quum
1133 2280 1202 2328 artis
1219 2278 1343 2342 tragicae
1362 2277 1439 2343 leges
1456 2276 1614 2328 admirabili
1631 2277 1756 2326 acumine
1773 2273 1864 2342 expla-

176 2360 234 2407 sea,
256 2346 344 2398 multo
363 2347 440 2412 plura
458 2363 491 2397 ex
508 2348 596 2412 poetis
617 2348 696 2412 cyclo
714 2348 793 2412 spico
811 2347 1006 2412 posterioribus
1035 2353 1127 2410 naret,
1151 2346 1185 2396 de
1204 2361 1256 2413 quo
1273 2345 1418 2398 verissima
1440 2352 1504 2395 sunt
1522 2361 1591 2411 quae
1609 2349 1672 2410 post
1688 2343 1865 2408 Lessiugium

176 2413 294 2480 aliisque
311 2415 520 2481 mythographis
536 2415 677 2466 veteribus
692 2420 783 2467 sumta
797 2421 867 2469 sunt.
903 2416 1005 2466 Eorum
1034 2414 1192 2466 Theodorus
1213 2414 1336 2465 Kockius
1360 2414 1471 2479 scripsit
1495 2414 1523 2463 iu
1544 2413 1641 2464 Studiis
1659 2411 1806 2478 Sophocleis
1830 2411 1865 2476 (a.

175 2485 296 2532 omnium
313 2483 461 2534 secundum
477 2499 581 2548 genera
602 2498 652 2534 sua
673 2483 868 2550 dispositorum
888 2481 1006 2533 indicem
1035 2481 1121 2546 1859.)
1135 2482 1202 2535 fasc.
1216 2484 1237 2533 l.
1250 2498 1276 2547 p.
1289 2485 1314 2536 2.

176 2547 341 2602 Walckerus
351 2551 493 2618 proposuit
505 2551 558 2602 vol.
568 2553 592 2605 i.
606 2553 747 2616 poti—62.
761 2557 790 2601 et
802 2551 855 2602 vol.
866 2555 890 2602 3.
905 2567 930 2616 p.
942 2553 1007 2602 1485

175 2621 294 2670 -1487τ
313 2635 363 2669 nos
381 2635 451 2685 qaae
469 2626 543 2670 certa
560 2625 609 2670 aut
626 2620 781 2685 probabilia
801 2619 961 2669 viderentur
978 2619 1006 2668 in

174 2686 382 2753 Prolsgomenis
395 2688 526 2738 editionis
536 2687 700 2738 Oxoaiensis
713 2688 814 2740 tertiae
828 2685 864 2753 (a.
873 2687 957 2748 1860.)
971 2687 1006 2736 ad
1084 2688 1107 2750 ³)
1122 2675 1283 2737 Oritlcohum
1296 2691 1417 2738 veterum
1431 2685 1677 2737 Alexandrinorum
1691 2683 1723 2734 de
1737 2689 1797 2734 arte
1810 2689 1865 2734 tra-

175 2763 283 2819 septem
305 2755 415 2807 fabulas
437 2757 601 2820 superstites
623 2761 652 2805 et
673 2757 701 2806 ia
723 2756 952 2806 annotationibus
973 2754 1006 2804 nd
1035 2756 1096 2820 gica
1109 2756 1191 2806 trium
1203 2761 1346 2820 poetarum
1358 2755 1477 2818 iudicia,
1495 2769 1565 2820 quae
1579 2753 1717 2803 rarissima
1734 2752 1763 2802 iu
1776 2753 1865 2803 brevi-

175 2823 344 2888 perditarnm
361 2824 517 2875 fabularum
539 2825 695 2888 fragmenta
714 2825 930 2877 memoravimus.
966 2824 1008 2873 De
1034 2824 1086 2874 bus
1102 2823 1138 2873 ad
1153 2823 1318 2888 Aeschylum
1336 2822 1448 2873 scholiis
1470 2822 1573 2873 codicis
1589 2819 1720 2884 Medicei,
1742 2836 1793 2871 nso
1813 2820 1866 2871 ire·

177 2891 283 2942 ratione
298 2907 353 2956 qua
366 2891 481 2942 fabulas
488 2892 522 2942 ab
537 2892 622 2956 epicis
640 2897 770 2958 acceptas
782 2891 947 2943 tractaverit
960 2891 1008 2942 So·
1035 2896 1150 2956 quenter
1159 2892 1186 2941 in
1197 2891 1310 2942 scholiis
1319 2890 1476 2956 Euripideis
1487 2894 1631 2956 apparent,
1643 2889 1866 2954 frequentissima
1952 2897 1955 2905 '

176 2958 289 3024 phoclas
312 2966 420 3010 tantum
441 2961 541 3011 scimus
564 2967 695 3025 quantum
717 2976 749 3010 ex
766 2959 918 3024 tragoediis
936 2974 1007 3023 qnae
1034 2974 1099 3010 vero
1116 2961 1288 3025 reperiuntur
1306 2961 1335 3009 in
1353 2959 1465 3009 scholiis
1478 2957 1655 3024 Sophocleis,
1673 2957 1742 3008 scite
1759 2973 1865 3022 compo·

176 3033 326 3092 supersunt
344 3028 441 3094 colligi
456 3032 561 3093 potest,
584 3028 746 3093 Sophoclem
764 3033 875 3079 veteres
897 3027 1008 3078 fabulas
1036 3029 1091 3078 suit
1103 3028 1218 3080 Adolius
1235 3027 1507 3092 Trendelenbargius
1524 3027 1553 3076 in
1569 3026 1642 3077 libro
1659 3027 1772 3076 Bonnae
1791 3025 1865 3076 edito

176 3095 268 3147 multis
280 3096 370 3146 modia
382 3097 505 3147 variasse
519 3101 547 3146 et
559 3094 755 3162 amplificasse,
773 3101 804 3146 nt
815 3098 908 3162 poesis
920 3096 1009 3147 sceni·
1035 3112 1059 3145 a.
1073 3098 1146 3148 1867.
1161 3097 1407 3147 “θναηιαιαιίαοννα
1426 3095 1579 3147 &cecorum
1598 3097 1630 3146 da
1647 3101 1705 3146 orie
1717 3095 1817 3157 tropica
1828 3095 1866 3143 iu·

176 3179 224 3213 cae
237 3165 335 3216 usibus
348 3170 431 3230 aptas
443 3165 579 3215 redderet.
615 3165 690 3215 idem
703 3165 777 3215 haud
790 3165 872 3218 dubie
888 3165 918 3214 in
930 3164 1006 3214 labu-
1020 3166 1154 3232 ¹diciorwa
1171 3166 1327 3232 reliquiae.”
