4248 6596
619 1475 1313 1573 ΑΡΙΣΤΟΦΑΝΟΥΣ
1383 1471 1794 1572 ΝΕΦΕΛΑΙ.
1872 1467 1879 1480 ’

1079 1785 1326 1793 -————-—-—-

796 2020 863 2094 ΤΑ
889 2017 994 2095 ΤΟΤ
1033 2019 1310 2096 ΔΡΑΜΑΤΟΣ
1360 2019 1610 2094 ΠΡΟΣΩΠΑ

712 2225 963 2278 ΣϊΡπΨτΑΔυΣ.
1252 2227 1403 2279 Λικινίου
1420 2226 1555 2277 Λουοπ.

712 2313 973 2380 οσταιππιαυυ.
1250 2312 1388 2363 λάκκου
1405 2310 1539 2362 πονου.

713 2395 1156 2448 ουνκπανενουντλαοα.
1252 2394 1568 2460 παναλαυαιειστής.

710 2481 880 2534 ΜΑοΗνκι
898 2482 1127 2534 ΣΩΚΡΑΤΟΥΣ.
1251 2479 1594 2544 κατακληοανειστής.

711 2566 921 2618 mmm.
1251 2565 1413 2618 ικΛΡΤΤΣ.

712 2651 834 2702 κοΡοΣ
852 2653 1039 2704 κοσμικόν.
1252 2651 1449 2703 κοίνωσον.

1106 2859 1304 2866 ——a—

1029 2989 1388 3118 νττοουΣιΣ.
1471 3137 1504 3162 ..

443 3245 467 3308 1.
510 3246 699 3325 Πρεσβύτης
728 3267 775 3325 τις
800 3248 998 3328 Στρεψιάδης
1027 3249 1091 3313 ύπό
1120 3248 1256 3315 δανείων
1278 3249 1563 3328 καταπονούμενος
1590 3249 1642 3312 διὰ
1670 3249 1728 3326 τὴν
1750 3247 1964 3325 ἱπποτροφίαν
1980 3245 2020 3306 τού

359 3349 472 3426 παιδός
502 3351 599 3411 δεῖται
626 3349 743 3411 τούτου
771 3350 973 3428 φοιτήσαντα
1001 3351 1046 3430 ῶς
1074 3353 1132 3418 τόν
1155 3351 1464 3430 Σωκράτηνιμαθεῑν
1495 3351 1553 3414 τόν
1575 3351 1694 3428 ἥττονα
1717 3349 1832 3430 λόγον,
1856 3347 1885 3412 εἷ
1905 3367 1967 3424 πως
1984 3344 2019 3405 δί

349 3469 448 3514 ιναιτο
470 3450 509 3513 τά
531 3448 622 3513 ἄδικα
644 3451 749 3526 λέγων
773 3451 808 3517 ἐν
823 3457 868 3536 τῷ
891 3453 1083 3538 δικαστηρίῳ
1105 3454 1183 3532 τούς
1205 3453 1347 3532 χρήστας
1370 3457 1460 3518 νικάν
1475 3453 1525 3516 καί
1547 3455 1656 3532 μηδενὶ
1676 3458 1743 3517 τῶν
1758 3456 1939 3517 δανειστῶν
1952 3447 2021 3525 μηδὲν

274 3567 276 3570 ·
358 3551 548 3615 ἀποδούναι.
598 3551 638 3615 ού
668 3554 867 3631 βουλομένου
896 3556 930 3618 δέ
958 3559 1015 3619 τού
1038 3555 1241 3634 μειρακίσκου
1270 3555 1422 3633 διαγνοὺς
1450 3553 1548 3633 αὐτός
1578 3555 1681 3619 ἐλθὼν
1709 3552 1886 3632 μανθάνειν
1913 3549 2020 3630 μαθητὴν

356 3657 415 3717 τού
432 3653 625 3732 Σωκράτους
648 3654 824 3732 ἐκκαλέσας
844 3657 914 3720 τινὰ
929 3657 1111 3732 διαλέγεται.
1147 3658 1390 3736 ἐκκυκληθείσης
1406 3659 1440 3721 δέ
1455 3661 1513 3736 τῆς
1528 3661 1687 3736 διατριβῆς
1704 3655 1735 3718 οί
1749 3675 1784 3720 τε
1800 3654 1934 3732 μαθηταὶ
1947 3650 2022 3730 κύκλῳ
2077 3647 2078 3668 ³

357 3755 526 3834 καθήμενοι
548 3756 676 3834 πιναροὶ
698 3761 901 3836 συνορῶνται
922 3759 972 3823 καὶ
994 3759 1091 3838 αὐτός
1114 3759 1132 3824 ὁ
1151 3759 1321 3839 Σωκράτης
1343 3759 1394 3822 ἐπὶ
1408 3759 1585 3838 κρεμάθρας
1607 3758 1832 3837 αἰωρούμενος
1848 3753 2022 3820 καὶάποστυ

357 3861 429 3922 πῶν
445 3859 484 3921 τά
499 3858 641 3937 μετέωρα
655 3862 827 3938 θεωρεῖται.
863 3862 939 3939 μετὰ
954 3865 1053 3925 ταύτα
1068 3863 1152 3925 τελεί
1166 3863 1361 3964 παραλαβὼν
1376 3861 1433 3926 τόν
1449 3859 1641 3941 πρεσβύτην,
1662 3860 1807 3937 καὶτοὺς
1823 3855 2024 3936 νομιζομένοις

357 3961 431 4039 παρ’
454 3959 539 4044 αὐτῷ
563 3961 669 4042 θεοὺς,
693 3961 796 4044 Ἀέρα,
819 3963 953 4040 προσέτι
976 3966 1011 4027 δέ
1033 3965 1082 4027 καί
1100 3963 1213 4043 Αἰθέρα
1232 3963 1282 4027 καί
1299 3963 1447 4044 Νεφέλας
1470 3965 1695 4028 κατακαλεῖται.
1728 3961 1816 4040 πρὸς
1833 3961 1869 4024 δέ
1884 3960 1938 4036 τὴν
1954 3953 2023 4030 εύγὴί
2076 3969 2077 4004 ί

358 4061 557 4141 εἰσέρχονται
580 4062 719 4142 Νεφέλαι
746 4061 781 4126 ἐν
811 4065 945 4146 σχήματι
973 4070 1074 4145 χορού
1102 4067 1152 4129 καὶ
1174 4067 1480 4145 φυσιολογήσαντος
1504 4064 1562 4130 οὐκ
1585 4063 1751 4140 ἀπιθάνως
1772 4067 1837 4128 τού
1863 4059 2024 4138 Σωκράτους
2076 4103 2077 4110 1

358 4165 624 4228 ἀποκαταστάσαι
645 4166 730 4243 πρὸς
752 4166 830 4244 τούς
852 4168 967 4246 θεατάς
990 4169 1062 4246 περὶ
1083 4167 1245 4231 πλειόνων
1269 4167 1477 4242 διαλέγονται.
1512 4167 1589 4244 μετὰ
1611 4168 1768 4230 δὲταῦτα
1792 4165 1813 4228 ό
1838 4166 1896 4242 μἐν
1918 4154 2024 4240 πρεσβί
2076 4191 2077 4222 ι

356 4288 413 4344 της
435 4265 668 4344 διδασκόμενος
691 4267 726 4330 ἐν
749 4274 794 4351 τῷ
818 4277 951 4354 φανερῷ
973 4270 1043 4335 τινὰ
1071 4273 1136 4334 τῶν
1159 4269 1350 4348 μαθημάτων
1372 4271 1591 4350 γελωτοποιεῑ,
1616 4268 1664 4332 καί
1686 4267 1797 4344 ἐπειδὴ
1823 4267 1878 4331 διά
1900 4265 1953 4340 τὴν
1972 4258 2024 4334 ἀμῦ-

357 4367 426 4432 θίαν
455 4369 489 4432 ἐκ
518 4371 575 4432 τοῦ
603 4370 854 4450 φροντιστηρίου
882 4371 1081 4451 ἐκβάλλεται,
1111 4369 1200 4458 ἄγων
1229 4371 1313 4449 πρός
1342 4371 1411 4450 βίαν
1440 4372 1498 4435 τόν
1521 4370 1591 4434 υἱόν
1615 4369 1786 4447 συνίστησι
1810 4373 1861 4450 τῷ
1885 4361 2025 4442 Σωκράτει·

357 4471 475 4536 τούτου
498 4473 533 4535 δὲ
556 4470 772 4551 ἐξαγαγόντος
795 4472 882 4556 αὐτῷ
906 4473 941 4537 ἐν
964 4480 1008 4559 τῷ
1032 4473 1154 4558 θεάτρῳ
1177 4473 1235 4538 τόν
1258 4471 1368 4538 ἄδικον
1391 4474 1440 4536 καί
1462 4472 1519 4536 τόν
1543 4471 1663 4535 δίκαιον
1686 4470 1800 4546 λόγον,
1832 4461 2026 4544 διαγωνισθεὶς

357 4573 376 4636 δ
399 4571 507 4650 ἄδικος
531 4572 614 4652 πρός
634 4573 691 4638 τὸν
714 4574 835 4639 δίκαιον
858 4573 969 4652 λόγον,
997 4577 1046 4639 καί
1069 4576 1263 4655 παραλαβὼν
1287 4574 1385 4640 αὐτόν
1408 4575 1427 4638 ὁ
1451 4572 1561 4652 άδικος
1584 4573 1683 4652 λόγος
1705 4572 1902 4650 ἐκδιδάσκει,
1929 4561 2028 4644 κομισά-

357 4693 454 4752 μενος
478 4676 513 4738 δέ
535 4675 634 4738 αὐτὸν
658 4673 676 4738 ὁ
700 4679 803 4755 πατὴρ
826 4677 1086 4755 ἐκπεπονημένον
1110 4677 1273 4757 ἐπηρεάζει
1295 4665 1364 4754 τοῖς
1385 4677 1538 4756 χρήσταις
1560 4677 1610 4739 καὶ
1633 4677 1679 4753 ῶς
1695 4674 1926 4752 κατωρθωκὼς
1940 4665 2027 4742 εὐωχεῖ

358 4777 563 4856 παραλαβών.
607 4777 784 4856 γενομένης
807 4780 842 4843 δέ
864 4780 935 4858 περὶ
957 4781 1014 4857 τὴν
1037 4779 1175 4859 εὐωχίαν
1197 4779 1379 4856 ἀντιλογίας
1402 4779 1527 4856 πλήγάς
1551 4779 1659 4857 λαβὼν
1682 4777 1745 4840 ὑπὸ
1761 4781 1826 4840 τοῦ
1844 4769 2027 4850 παιδόςβθίν

356 4877 481 4956 ίστησι,
509 4879 558 4943 καὶ
587 4881 956 4960 προσκαταλαλούμενος
985 4881 1049 4945 ύπό
1077 4885 1134 4945 τοῦ
1162 4883 1279 4959 παιδός
1308 4881 1358 4945 ότι
1379 4880 1499 4945 δίκαιον
1522 4881 1599 4958 τούς
1622 4879 1764 4958 πατέρας
1789 4877 1860 4942 ὑπό
1884 4879 1947 4940 τῶν
1971 4871 2027 4934 υἰῶι

357 4979 616 5059 ἀντιτύπτεσθαι,
645 4980 835 5061 ὑπεραλγῶν
864 4984 915 5046 διὰ
937 4985 994 5062 τὴν
1017 4984 1099 5062 πρὸς
1122 4983 1179 5049 τόν
1203 4983 1273 5048 υἱόν
1298 4983 1494 5062 σύγκρουσιν
1517 4981 1536 5046 δ
1558 4982 1664 5061 γέρων
1688 4983 1914 5045 κατασκάπτει
1935 4977 1979 5040 καὶ
1994 4973 2028 5046 ἐν·

357 5080 491 5160 πίπρησι
512 5083 549 5145 τό
572 5085 820 5164 φροντιστήριον
842 5089 908 5149 τῶν
925 5088 1144 5166 Σωκρατικῶν.
1180 5087 1218 5151 τὸ
1240 5087 1275 5149 δέ
1297 5088 1400 5164 δρᾶμα
1421 5089 1487 5150 τῶν
1509 5085 1595 5148 πάνυ
1617 5086 1764 5160 δυνατῶς
1787 5079 2012 5160 πεποιημένων·

440 5181 480 5246 Π.
525 5185 609 5249 Φασὶ
630 5185 688 5251 τόν
711 5187 946 5267 Ἀριστοφάνην
968 5188 1090 5268 γράψαι
1111 5189 1169 5266 τὰς
1193 5187 1341 5266 Νεφέλας
1364 5187 1607 5262 ἀναγκασθέντα
1628 5185 1692 5250 ὑπὸ
1716 5185 1859 5250 Ἀνύτου
1881 5185 1931 5247 καί
1951 5175 2028 5248 Μελί-

355 5308 424 5368 του,
446 5285 501 5351 ίνα
523 5289 818 5368 προδιασκέψαιντο
840 5289 930 5353 ποῖοί
950 5311 1035 5368 τινες
1058 5289 1123 5354 εἰεν
1137 5291 1295 5368 Ἀθηναῖοι
1313 5290 1392 5353 κατὰ
1408 5289 1601 5368 Σωκράτους
1624 5287 1816 5365 ἀκούοντες.
1856 5283 2028 5365 ηύλαβοίιντν

355 5390 427 5468 γὰρ,
452 5389 500 5452 ότι
522 5389 667 5468 πολλοὺς
690 5389 777 5470 εἶχεν
799 5390 951 5470 ἐραστάς,
974 5393 1024 5454 καὶ
1046 5391 1182 5470 μάλιστα
1203 5393 1280 5470 τούς
1303 5393 1374 5470 περὶ
1392 5392 1597 5471 Ἀλκιβιάδην,
1618 5389 1651 5453 οἳ
1673 5389 1723 5452 καὶ
1745 5387 1802 5452 ἐπὶ
1817 5391 1882 5453 τού
1898 5385 2028 5464 δράματος

355 5491 473 5556 τούτου
495 5492 573 5571 μηδὲ
594 5495 719 5569 νικῆσαι
741 5493 899 5572 ἐποίησαν
921 5493 979 5558 τὸν
1002 5493 1146 5572 ποιητήν.
1183 5493 1202 5557 ὁ
1225 5495 1260 5557 δέ
1281 5492 1445 5572 πρόλογός
1468 5492 1537 5557 ἐστι
1559 5495 1625 5556 τῶν
1647 5492 1811 5572 Νεφελῶν
1837 5486 2029 5570 ἀρμοδιύττῶ

356 5594 406 5657 καὶ
427 5595 600 5660 δεξιώτατα
623 5595 838 5674 συγκείμενος.
883 5595 1064 5675 πρεσβύτης
1089 5595 1150 5675 γάρ
1173 5595 1260 5661 ἐστιν
1283 5593 1434 5673 ἄγροικος
1457 5593 1637 5673 ἀχθόμενος
1660 5594 1747 5658 παιδὶ
1770 5591 1915 5658 ἀστικοῦ
1936 5581 2028 5668 φρῦνί

356 5714 456 5777 ματος
486 5697 615 5777 γέμοντι
641 5697 690 5760 καί
716 5701 775 5776 τῆς
803 5697 965 5776 εὐγενείας
988 5697 1032 5776 εἰς
1061 5697 1270 5763 πολυτέλειαν
1294 5696 1534 5762 ἀπολελαυκότι.
1577 5695 1680 5776 ἡγὰρ
1701 5699 1767 5760 τῶν
1794 5689 2027 5776 Ἀλκμαιωνιδῶν
