4338 6612
378 1531 988 1633 ΣΟΦΟΚΛΕΟΥΣ
1059 1532 1664 1630 ΦΙΛΟΚΤΗΤΗΣ.

883 1841 1145 1852 --—-.-—...

634 2078 702 2154 TA
729 2076 835 2153 ΤΟΤ
860 2075 1137 2154 ΔΡΑΜΑΤΟΣ
1163 2076 1414 2152 ΠΡΟΣΩΠΑ

555 2317 762 2369 omnm
1066 2318 1359 2369 ΝΕΟΠΤΟΛΕΜΟΣ.

554 2403 684 2454 ΧΟΡΟΣ.
1067 2402 1325 2455 ΦΙΛΟΚΤΗΤΗΣ.

553 2487 707 2539 ΣΚΟΠΟΣ
725 2487 764 2549 ὡς
782 2485 970 2538 ΕΜΠΟΡΟΣ.
1065 2489 1251 2538 ΗΡΑΚΛΗΣ.

837 2894 1198 2973 ΤΠΟΘΕΣΙΣ.

259 3097 430 3175 Ἀπαγωγὴ
463 3097 658 3176 Φιλοκτήτου
691 3098 726 3162 ἐκ
759 3098 887 3178 Λήμνου
920 3097 965 3178 εἰς
988 3099 1107 3180 Τροίαν
1140 3099 1204 3162 ὑπὸ
1236 3095 1463 3172 Νεοπτολέμου
1493 3095 1543 3158 καῖ
1574 3093 1764 3170 Ὀδυσσέως
1797 3093 1865 3156 καθ’

166 3198 309 3263 Ἑλένου
332 3197 490 3277 μαντείαν,
514 3199 552 3276 ὃς
575 3201 654 3264 κατὰ
676 3201 825 3277 μαντείαν
843 3201 1039 3280 Κάλχαντος,
1062 3201 1109 3279 ὼς
1132 3200 1226 3277 εἰδὼς
1248 3199 1414 3279 χρησμοὺς
1438 3199 1677 3273 συντελοῦντας
1700 3195 1783 3274 πρὸς
1806 3196 1863 3272 τήν

166 3300 293 3380 Τροίας
328 3299 469 3376 ἅλωσιν,
502 3301 566 3364 ύπό
595 3302 784 3381 Ὀδυσσέως
812 3303 936 3383 νύκτωρ
965 3303 1177 3382 ἐνεδρευθεὶς,
1212 3301 1345 3380 δέσμιος
1375 3300 1453 3379 ἤχθη
1484 3300 1553 3376 τοῖς
1575 3299 1738 3374 Ἕλλησιν.
1782 3297 1801 3374 ἡ
1830 3297 1864 3358 δὲ

168 3405 276 3480 σκηνή
310 3402 345 3467 ἐν
368 3402 494 3488 Λήμνῳ.
540 3402 616 3467 όδέ
638 3405 738 3483 χορός
761 3405 796 3468 ἐκ
817 3403 981 3483 γερόντων
1003 3409 1049 3488 τῷ
1074 3404 1288 3487 Νεοπτολέμῳ
1312 3400 1555 3480 συμπλεόντων.
1599 3401 1695 3462 κεῖται
1718 3399 1768 3462 καὶ
1789 3397 1863 3476 παρ’

166 3503 344 3586 Αίσχύλῳ“
366 3503 386 3581 ἡ
408 3504 586 3582 μυθοποιία.
629 3505 776 3585 ἐδιδάχθη
801 3505 851 3570 ἐπὶ
874 3508 893 3570 Γ
895 3505 1103 3571 λαυκίππουῖ.
1148 3509 1279 3586 πρῶτος
1302 3502 1340 3580 ἦν
1365 3503 1547 3582 Σοφοκλῆς.

923 3729 1121 3742 ——

722 3897 985 3975 ΤΠΟΘΕΣΙΣ
1011 3895 1324 3974 ΕΜΜΕΤΡΟΣ“.

579 4100 707 4180 Χρύσης
731 4103 864 4181 Ἀθηνᾶς
888 4104 996 4183 βωμόν
1020 4101 1289 4182 ἐπικεχωσμένον,

579 4201 631 4282 ἐφ’
653 4201 754 4283 οὗπερ
777 4205 916 4283 Ἀχαιοῖς
938 4203 1077 4285 χρησθέν
1100 4203 1139 4282 ἦν
1161 4206 1267 4284 θῦσαι,
1292 4202 1393 4280 μόνος

577 4303 741 4383 Ποίαντος
765 4308 832 4390 ᾔδει
854 4309 930 4385 παῖς
952 4308 1025 4371 ποθ)
1046 4308 1193 4386 Ἡρακλεῖ
1214 4307 1336 4370 συνών.

578 4409 681 4483 ζητῶν
705 4409 739 4471 δὲ
761 4413 878 4474 τοῦτον
902 4409 1043 4493 ναυβάτη
1066 4412 1162 4476 δεῖξαι
1186 4407 1306 4490 στόλῳ,

577 4507 709 4587 πληγεὶς
731 4507 785 4573 ὑπ’
808 4511 920 4590 ἔχε’ως,
945 4510 1061 4575 ἑλίπετ’
1085 4509 1120 4575 ἐν
1143 4509 1258 4594 Λήμνῳ
1280 4511 1403 4573 νοσῶν.

578 4609 714 4687 Ἕλενος
738 4612 765 4673 δ’
788 4611 926 4688 Ἀχαιοῖς
950 4609 1016 4692 εῐηι>
1039 4611 1201 4676 ἁλώσεσθ
1224 4612 1319 4674 Ἴλιον

578 4713 647 4788 τοῖς
670 4711 865 4790 Ἡρακλέους
888 4713 1010 4778 τόξοισι
1032 4713 1120 4777 παιδί
1140 4714 1166 4777 τ’
1189 4713 1368 4793 Ἀχιλλέως.

579 4813 619 4876 τὰ
640 4812 704 4878 τόξ’
727 4813 849 4893 ὑπῆρχε
870 4814 959 4892 παρὰ
980 4813 1157 4898 Φιλοκτήτῃ
1180 4814 1284 4899 μόνῳ·

579 4915 733 4994 πεμφθεὶς
756 4916 784 4979 δ’
806 4915 987 4996 Ὀδυσσεύς
1010 4915 1217 4998 ἀμφοτέρους
1241 4917 1431 4994 συνήγαγεν.

166 5025 478 5038 m

257 5144 269 5171 ⁸
288 5133 430 5202 Αἰσχύλῳ]
450 5136 525 5188 Adde
544 5135 589 5186 καλ
608 5133 746 5202 Εὐριπίδῃ.

259 5203 338 5256 λέπλ
359 5201 546 5269 Γλαυκίππου]
567 5203 672 5270 Olymp.
692 5207 733 5267 92,
751 5208 774 5256 3.

258 5280 269 5306 ⁰
288 5269 466 5324 ΥΠΟΘΕΣΙΣ
485 5269 691 5336 ΕΜΜΕΤΡΟΣ]
711 5273 762 5323 Est
780 5273 953 5338 grammatici
971 5289 1024 5324 non
1037 5273 1224 5337 Alexandrini,
1242 5275 1291 5326 sed
1309 5275 1394 5326 multo
1412 5275 1559 5326 inferioris.
1595 5273 1656 5327 Non
1668 5275 1790 5328 melioria
1802 5288 1864 5343 poe·

166 5349 219 5393 tae
237 5355 336 5392 versus
355 5346 418 5390 sunt
437 5355 503 5406 quoe
523 5343 552 5390 in
569 5339 621 5390 fine
641 5340 751 5390 fabulae
771 5341 880 5391 exhibet
898 5342 972 5392 Flor.
993 5341 1031 5394 ΓΛ
1059 5339 1175 5404 Βουλαῖς
1193 5341 1305 5394 ἔπεισεν
1325 5342 1461 5407 Ἡρακλῆς
1479 5341 1658 5408 Φιλοκτήτην
1679 5347 1682 5408 1
1704 5342 1742 5406 εἰς
1761 5343 1864 5408 Τροίαν

165 5407 277 5472 ἐλθόν,
302 5407 348 5458 καλ
365 5407 401 5459 τὰ
418 5407 485 5460 τόξα
503 5407 537 5472 δή
556 5405 627 5470 μόνα
648 5407 651 5472 Ι
672 5409 787 5472 πορθεῖν
805 5408 839 5459 τό
858 5407 959 5472 Τροίας
978 5408 1131 5474 πέργαμον,
1156 5409 1201 5460 καλ
1218 5411 1272 5474 τὴν
1290 5409 1377 5461 νόσον
1399 5411 1402 5476 1
1425 5411 1594 5474 Ἀσκληπιοῦ
1614 5411 1754 5476 φανέντος
1773 5410 1864 5465 ἰᾶσθαι

162 5476 249 5528 τότε
270 5475 274 5542 Ι
295 5475 312 5538 ή
332 5477 399 5540 πρλν
417 5475 446 5527 δέ
464 5475 549 5539 βουλή
568 5477 618 5540 τῆς
638 5474 796 5537 Ὀδυσσέως
814 5474 873 5539 βίας
893 5477 896 5542 1
916 5475 1026 5540 ἔμεινεν
1044 5477 1078 5530 ἂν
1097 5477 1224 5542 πράξασα
1243 5477 1327 5542 μηδὲν
1346 5477 1387 5528 ὼν
1406 5477 1493 5542 πάρος
1509 5477 1512 5542 λ
1529 5478 1734 5542 ἐμυθοπλάστει
1754 5481 1864 5533 κλεπτι-

164 5547 232 5608 κοῑς
251 5543 332 5606 ἄγειν
351 5542 452 5610 λόγοις,
468 5543 472 5610 Ι
488 5541 512 5596 εί
530 5544 567 5608 μή
585 5544 684 5610 φανεὶς
701 5543 813 5609 ήγειρεν
831 5545 968 5611 Ἡρακλῆς
987 5545 1087 5609 λέγων.

1281 5213 1284 5221 ε
