4372 6614
677 457 732 508 us
759 457 919 510 uenere
946 459 1178 512 posennus
1205 458 1492 511 seen1eoeuu.
1889 462 1931 526 35

230 607 302 674 pede
314 609 440 675 exempla
452 625 508 660 non
517 611 606 661 minus
619 626 682 660 rara
695 615 759 659 snut
769 625 851 676 qnam
864 609 939 674 apud
948 609 1068 674 Aeschy·
1147 608 1274 674 Spondeo
1291 611 1321 660 in
1337 609 1479 676 dactylum
1497 612 1586 663 soluto
1603 613 1633 663 iu
1645 615 1732 679 prima
1748 615 1851 666 senarii
1863 615 1929 666 sede

230 677 287 726 lum
309 682 338 726 et
355 677 528 743 Sophoclem.
563 679 635 728 Nam
657 678 830 742 antiquiores
851 677 962 729 fabulae
984 691 1068 728 unum
1095 691 1156 727 raro
1173 678 1218 729 usi
1234 681 1299 728 sunt
1316 678 1467 742 Aeschylus
1485 684 1514 730 et
1531 681 1696 746 Sophocles,
1715 684 1868 734 versumab
1884 700 1929 734 vo-

230 747 340 794 tantum
358 744 494 810 praebent
509 744 662 811 exemplum
679 745 753 796 Med.
765 746 823 796 605.
842 743 970 796 δέξαιντό
988 743 1017 808 μ’
1028 742 1067 796 οἴ·
1095 744 1195 796 cabulo
1207 745 1376 810 incipientes
1388 747 1435 798 vel
1447 746 1593 812 trisyllaho
1607 749 1651 800 vel
1664 749 1871 814 quadrisyllabo
1883 751 1928 801 vel

231 825 292 873 ποις
304 810 347 863 ιῖιν
364 809 472 876 πατέρα
490 810 677 876 κατέκτανον,
695 811 827 864 nonnulla
844 814 1010 878 posteriores
1022 813 1067 864 his
1094 812 1294 876 monosyllabo,
1312 817 1344 863 ut
1360 813 1433 878 apud
1445 813 1612 880 Aeschylum
1629 817 1719 867 Prom.
1731 819 1789 869 730.
1803 816 1928 882 Κιμμερι-

229 879 390 944 vocabulis,
408 878 507 943 άχαριν
524 881 628 945 Ιρίι.Τ.
642 882 700 932 566.
723 877 837 944 χάριτας
855 878 902 931 Or.
917 882 976 932 244.
1000 878 1067 944 πρό·
1094 877 1154 930 κόν.
1184 881 1260 945 Sept.
1272 882 1331 932 450.
1349 878 1518 945 Ἀρτέμιδος.
1548 882 1669 950 Ohoeph.
1679 887 1737 936 986.
1753 883 1850 946 Ἥλιος
1863 885 1929 937 ἄνα-

230 960 317 1012 τερον
329 949 389 998 487.
413 947 513 1010 μέλεος
524 949 583 1000 671.
607 945 743 1011 δρομάδες
756 949 856 1000 Bacch.
868 951 927 999 731.
947 945 1067 1012 Βρόμιον
1092 961 1155 1009 γνα.
1179 948 1290 1013 Fregm.
1306 950 1364 1000 133.
1378 946 1523 1014 Ἀντίλοχ’,
1536 948 1707 1014 ἀποίμωξόν.
1731 955 1789 1014 301,
1800 955 1824 1002 2.
1837 951 1926 1005 Αίθιο-

231 1015 308 1079 Cycl.
321 1017 379 1066 112.
401 1014 505 1078 όνυχας
518 1018 576 1066 159.
599 1013 704 1068 σπάνια
722 1017 779 1067 190.
804 1013 926 1078 λέγομεν
935 1017 993 1069 287.
1019 1014 1067 1066 re·
1093 1011 1181 1076 πίδος.
1205 1015 1278 1081 Sept.
1291 1017 1350 1066 653.Ι
1369 1013 1550 1080 ὠθεομανές.
1572 1021 1668 1084 Agam.
1681 1013 1755 1071 1312.
1769 1018 1803 1071 οὐ
1817 1019 1928 1084 Σύριον.

230 1083 286 1134 λικε
301 1085 360 1134 433.
394 1083 528 1148 Reliquae
545 1083 680 1134 tribrachi
697 1083 852 1134 solutiones
868 1083 940 1148 apud
956 1083 1067 1148 'Euripi-
1093 1084 1205 1149 Fragm.
1223 1085 1282 1134 244.
1302 1079 1325 1133 ὠ
1344 1081 1462 1135 Θόνατε.
1489 1085 1609 1152 θίιοορίι.
1621 1090 1679 1137 216.
1698 1087 1744 1140 καί
1759 1084 1822 1139 τίνα
1837 1087 1928 1140 σύνοι-

231 1151 293 1200 ιίειιι
305 1150 421 1202 eaedem
438 1155 501 1200 aunt
519 1165 588 1216 qnae
607 1151 680 1217 apud
698 1147 878 1216 Sophoclem,
896 1158 928 1202 ut
941 1151 1066 1216 exempla
1094 1151 1158 1202 σθα.
1183 1152 1218 1201 ab
1231 1149 1367 1202 vocabulo
1381 1152 1519 1217 disyllabo
1533 1154 1632 1218 fragm.
1646 1157 1695 1205 127
1706 1169 1729 1206 c.
1747 1155 1852 1218 χαλκόν
1864 1153 1927 1207 ἀθέ-

231 1217 332 1268 docent
345 1219 380 1269 ab
392 1218 527 1270 Muellero
539 1218 656 1270 collecta
672 1236 698 1285 p.
712 1220 744 1271 63
752 1221 832 1273 -70,
850 1220 924 1269 inter
936 1233 1007 1283 quae
1020 1233 1067 1269 no·
1093 1230 1191 1282 ριστον
1202 1218 1254 1280 (sic
1264 1217 1439 1270 Blomfieldus
1448 1236 1497 1286 pro
1507 1219 1656 1285 ἀθέμιτον).
1675 1222 1755 1288 Apud
1765 1222 1926 1288 Sophoclem

230 1285 333 1336 tandus
351 1292 395 1337 est
408 1285 565 1336 tribrachus
582 1302 617 1336 ex
629 1285 828 1352 monosyllabis
846 1286 952 1337 duobus
969 1287 1067 1352 prims·
1093 1286 1227 1337 vocabulo
1249 1286 1391 1350 trisyllabo
1408 1287 1457 1338 Ph.
1472 1291 1559 1352 1003,
1581 1289 1789 1356 quadrisyllabo
1806 1291 1848 1340 El.
1867 1293 1926 1342 320.

231 1368 284 1418 qne
296 1353 414 1419 proximi
425 1353 555 1405 vocabuli
567 1353 678 1420 syllaba
688 1355 854 1419 compositus
867 1353 914 1404 Or.
926 1356 984 1406 720.
998 1351 1066 1419 φεύ·
1094 1352 1163 1406 Oed.
1182 1353 1212 1404 (l.
1230 1355 1290 1406 458.
1308 1351 1368 1417 (uhi
1379 1353 1546 1418 προστάττοι
1563 1372 1611 1421 ρτο
1629 1355 1701 1421 πρὸς
1718 1360 1792 1409 ταῖσι
1805 1359 1925 1420 restitui,

229 1433 288 1482 γεις
300 1419 494 1485 ἀποστραφείς
508 1435 556 1484 με,
569 1420 605 1472 τά
616 1420 642 1471 δ’
655 1419 870 1485 Ἀγαμέμνονος.
890 1426 919 1472 et
932 1438 966 1472 er
978 1422 1066 1472 tribus
1093 1427 1196 1473 temere
1215 1421 1379 1486 quibusdam
1396 1422 1546 1486 oblocutis)
1568 1424 1610 1474 si.
1628 1427 1685 1479 575.
1721 1425 1771 1475 Ph.
1787 1427 1848 1476 425.
1867 1429 1926 1476 999.

230 1503 327 1539 monos
347 1489 430 1539 llabis
441 1489 479 1538 ib.
488 1490 530 1539 81.
547 1486 656 1553 Ἑλένη,
669 1488 696 1540 τί
708 1501 753 1541 σοι
767 1487 874 1554 λέγοιμ’
885 1488 921 1539 ἂν
933 1487 951 1539 d
962 1503 994 1551 γε
1004 1487 1067 1539 κατ’
1094 1491 1183 1552 1420,
1201 1488 1391 1552 monosyllabo
1408 1499 1469 1540 cum
1485 1490 1639 1555 trisyllaho,
1657 1497 1688 1542 nt
1703 1492 1746 1544 Δί.
1764 1493 1822 1548 854.
1836 1491 1859 1543 ὦ
1873 1491 1927 1544 θά-

230 1505 364 1620 separis.
392 1556 456 1608 Hel.
471 1559 532 1610 491.
551 1553 652 1608 Νείλου
668 1555 735 1621 παρ’
752 1555 850 1621 όχθας;
870 1553 910 1618 είς
927 1557 981 1620 γάρ
996 1555 1013 1608 ό
1033 1571 1064 1620 γε
1093 1569 1175 1618 νατε,
1188 1555 1305 1622 aliisque
1318 1556 1386 1607 locis
1399 1558 1434 1608 ab
1447 1558 1580 1609 Muellero
1592 1559 1723 1610 indicetis
1733 1576 1758 1624 p.
1769 1563 1821 1622 86,
1835 1576 1926 1612 mono-

231 1623 295 1675 κατ’
306 1621 439 1688 οὐρανόν.
462 1625 525 1674 lctn
535 1621 675 1690 iugcerm)
686 1624 813 1676 Heliou.
831 1623 970 1689 Μενέλαε,
983 1623 1065 1688 κάμοί
1093 1624 1200 1688 syllabo
1213 1629 1242 1674 et
1255 1624 1393 1688 disyllabo
1407 1624 1456 1678 Ph.
1469 1627 1526 1676 251.
1542 1624 1602 1677 οὐδ’
1614 1624 1696 1689 ὄνομ’
1707 1626 1752 1691 ἄρ’
1764 1625 1840 1678 σὺδέ.
1869 1631 1926 1679 791.

230 1689 373 1758 πρόσδοτέ
390 1705 417 1742 τι
428 1695 480 1755 τῆς
491 1690 609 1756 ἡδονῆς,
629 1707 709 1756 quem
725 1696 816 1743 utrum
833 1692 977 1744 admiserit
988 1693 1066 1743 Enri-
1093 1689 1117 1742 ὼ
1134 1689 1195 1744 ξένε
1214 1690 1373 1756 Κεφαλλήν,
1410 1693 1531 1743 Eaedem
1546 1695 1762 1759 compositiones
1779 1695 1853 1760 apud
1871 1697 1926 1746 lin-

229 1760 310 1825 pides
323 1775 359 1810 an
371 1759 528 1825 scripserit,
547 1759 619 1824 quod
632 1759 778 1812 Blmsleins
795 1761 929 1826 coniecit,
947 1758 1065 1824 προσδο-
1093 1759 1207 1824 ripidem
1225 1761 1412 1825 reperiuntur,
1434 1760 1483 1810 sed
1504 1775 1615 1812 numero
1638 1762 1820 1827 exemplorum
1841 1765 1925 1813 milito

228 1825 283 1879 τέα
293 1828 346 1892 τής
357 1825 470 1892 ἡδονῆς,
484 1827 618 1878 incertum
630 1831 682 1878 est.
718 1828 847 1878 Ceterum
865 1828 1064 1879 inuniversum
1092 1827 1204 1890 maiore,
1222 1833 1253 1878 nt
1265 1827 1386 1878 ostendit
1397 1828 1546 1880 Muellerus
1562 1845 1587 1894 p.
1600 1832 1718 1880 93-99,
1746 1829 1822 1880 Idem
1840 1831 1926 1880 inter-

229 1895 393 1946 mcnendum
406 1900 469 1960 post
482 1895 755 1960 tribrachumqnarti
767 1895 846 1961 pedis
858 1896 886 1944 in
900 1897 995 1960 quieto
1008 1895 1064 1961 ple·
1092 1894 1155 1945 dnm
1164 1895 1335 1946 tribrachum
1344 1911 1378 1945 ex
1388 1896 1584 1960 monosyllabis
1596 1896 1701 1947 duobus
1712 1897 1853 1962 primaque
1865 1913 1925 1963 pro-

230 1977 345 2028 rumqne
358 1963 438 2028 sequi
450 1977 547 2028 purum
558 1963 692 2027 iambam,
709 1964 799 2014 minus
812 1964 971 2028 frequenter
984 1978 1064 2028 spon·
1091 1962 1157 2012 ximi
1166 1963 1294 2014 vocabuli
1303 1961 1412 2026 syllaba
1418 1965 1579 2028 composuit,
1590 1969 1621 2014 ut
1628 1965 1749 2019 ίοιι.365.
1755 1965 1817 2026 πῶς
1827 1963 1923 2026 όθεός.

230 2031 326 2081 deum:
340 2031 388 2095 qni
398 2029 467 2082 licet
478 2030 617 2081 interdum
629 2031 803 2082 librariorum
816 2031 899 2096 eulpa
910 2031 1006 2081 illatus
1017 2031 1064 2094 sit,
1092 2029 1192 2080 Bacch.
1203 2033 1262 2081 299.
1279 2030 1324 2081 καί
1338 2029 1373 2082 τό
1382 2029 1527 2093 μανιῶδες.
1541 2036 1569 2083 et
1579 2045 1651 2096 quae
1660 2037 1725 2082 stent
1734 2032 1842 2097 relique
1851 2033 1924 2098 apud

229 2103 324 2148 tamen
337 2102 419 2148 totet
432 2101 489 2148 tam
502 2097 619 2150 certain
633 2099 715 2148 trium
728 2101 896 2165 tragicorum
910 2097 1011 2150 fabulis
1025 2115 1065 2149 re·
1090 2097 1253 2148 Muellerum
1272 2115 1298 2162 p.
1312 2101 1367 2160 98,
1385 2099 1430 2150 vel
1443 2115 1477 2150 ex
1490 2099 1579 2150 tribus
1591 2099 1801 2163 monosyllabis,
1818 2104 1850 2150 ut
1866 2101 1924 2151 Ion.

229 2169 345 2216 manent
366 2165 492 2230 exempla
513 2170 545 2215 ut
568 2165 719 2231 spondeum
741 2181 879 2231 nunqnam
897 2163 963 2216 data
980 2181 1065 2230 opera
1094 2165 1168 2218 1538.
1192 2165 1276 2216 Bach.
1289 2167 1347 2216 951.
1366 2165 1403 2228 μι)
1421 2164 1456 2218 σιί
1472 2180 1515 2228 γε.
1544 2167 1721 2222 Bacchidi.
1739 2164 1873 2230 εἴφ’ότι.
1897 2172 1925 2216 et

228 2234 349 2284 vitatum
366 2247 427 2284 esse
444 2239 581 2298 appareat
604 2238 633 2284 et
649 2235 697 2284 vix
713 2249 814 2300 operae
833 2234 951 2298 pretinm
967 2234 1066 2284 iecerit
1091 2233 1282 2284 intercedente
1295 2235 1518 2300 interpunctione
1530 2233 1576 2284 Or.
1591 2235 1665 2288 1106.
1678 2235 1753 2294 πῶςς
1773 2232 1807 2285 τό
1819 2232 1872 2298 γάρ
1884 2261 1924 2298 -—,

229 2299 391 2364 Muellerus,
405 2315 486 2366 quum
498 2301 589 2350 levem
601 2301 771 2367 quorundum
784 2301 950 2367 opinionem,
964 2304 1013 2366 qui
1025 2305 1064 2351 ta·
1092 2299 1137 2350 vel
1150 2300 1287 2364 disyllabo
1305 2306 1335 2350 et
1351 2300 1552 2364 monosyllabo,
1571 2306 1602 2352 ut
1614 2303 1661 2354 Or.
1674 2304 1715 2354 99.
1729 2298 1783 2364 δψέ
1794 2315 1836 2364 γε.
1865 2301 1925 2366 Ιρίι.

228 2369 271 2419 lia
287 2368 379 2419 omnia
391 2367 556 2433 corrigenda
572 2382 634 2420 esse
652 2369 810 2433 edixerant,
827 2371 966 2420 refutaret
983 2384 1010 2433 p.
1025 2372 1064 2423 75.
1091 2366 1124 2419 Δ.
1140 2370 1198 2420 308.
1216 2365 1281 2420 οὐδέ
1297 2381 1330 2430 γε
1348 2366 1454 2432 φέρειν.
1479 2369 1557 2433 chl.
1574 2371 1633 2420 270,
1650 2367 1738 2430 αὐτός
1754 2367 1806 2431 ἔχ’·
1825 2367 1925 2431 ἔγωγε.

282 2436 316 2486 In
332 2436 427 2502 quinto
444 2437 548 2488 senarii
564 2435 634 2502 pede
655 2451 735 2487 rarus
756 2436 829 2502 apud
850 2435 1015 2500 Aeschylum
1038 2441 1066 2486 et
1091 2436 1138 2485 vel
1154 2435 1291 2500 disyllabo
1313 2439 1342 2487 st
1358 2437 1474 2502 proximi
1496 2437 1624 2488 vocabuli
1641 2436 1750 2500 syllaba
1772 2437 1872 2502 prima,
1894 2443 1926 2487 ut

230 2503 406 2570 Sophoclem,
420 2503 590 2570 frequentior
600 2503 674 2569 apud
683 2504 840 2569 Euripidem
853 2503 988 2555 tribrachi
1000 2517 1067 2554 usus
1092 2501 1168 2554 ὥστε
1180 2501 1225 2554 διὰ
1236 2503 1339 2554 Bacch.
1353 2505 1411 2554 285.
1425 2500 1491 2555 οὐδὲ
1502 2503 1592 2566 πάθος
1604 2506 1649 2555 Or.
1662 2507 1687 2553 2.

230 2577 285 2636 est,
299 2586 412 2688 quorem
424 2571 550 2638 exempla
561 2571 676 2637 collegit
688 2571 835 2622 Muellerus
851 2588 877 2638 p.
890 2573 932 2626 28,
946 2574 987 2622 29.
998 2573 1066 2621 40-
1143 2572 1240 2636 Longe
1258 2571 1430 2636 frequentior
1444 2572 1473 2621 in
1491 2573 1573 2622 trium
1590 2576 1734 2638 poetarum
1752 2571 1857 2622 tabulis
1881 2576 1924 2622 est

228 2641 301 2691 427
320 2641 394 2691 -73,
418 2639 620 2690 inuniversum
632 2644 724 2691 autem
737 2639 837 2705 tragici
850 2641 893 2704 (nt
905 2640 1066 2690 observavit
1093 2638 1221 2702 dactylus
1241 2639 1270 2689 in
1291 2639 1377 2690 tertia
1399 2639 1503 2690 senarii
1525 2639 1604 2699 sede,
1626 2643 1657 2690 ut
1678 2638 1799 2690 collecta
1821 2655 1922 2705 magna

230 2705 374 2758 Seidlerus
385 2707 413 2756 iu
426 2705 496 2758 libro
509 2707 543 2758 de
555 2707 682 2758 versibus
694 2707 862 2758 dochmiccis
875 2705 980 2772 ρ.380.)
994 2707 1066 2756 hanc
1091 2705 1274 2771 exemplorum
1291 2709 1372 2771 copia
1387 2706 1511 2758 ostendit
1527 2705 1679 2758 Muellerus
1694 2723 1722 2772 p.
1730 2708 1770 2758 80
1787 2723 1878 2773 seqq,
1898 2713 1926 2757 et

230 2779 298 2826 sunt
314 2773 404 2840 legem
420 2776 509 2825 secuti
530 2779 561 2825 nt
578 2774 712 2826 tribrachi
734 2774 843 2838 syllaba
864 2775 951 2840 prima
967 2775 1066 2824 ultima
1091 2773 1252 2840 plerumque
1276 2773 1385 2840 quidem
1411 2779 1473 2838 post
1496 2789 1640 2825 caesuram
1663 2775 1855 2840 πενθημιμερί)
1880 2790 1924 2826 se-

229 2844 270 2894 sit
286 2843 417 2893 vocabuli
433 2841 640 2908 praecedentis,
663 2843 787 2893 secunda
808 2845 913 2906 antem,
937 2843 966 2892 in
984 2857 1066 2906 qnam
1092 2846 1193 2906 quente
1206 2841 1340 2892 vocabulo
1353 2841 1507 2906 trisyllaba
1520 2846 1552 2892 nt
1564 2842 1662 2894 hesch.
1675 2843 1765 2896 Prom.
1779 2845 1820 2894 54.
1833 2840 1878 2893 καί
1889 2841 1923 2906 δὴ

230 2911 306 2960 ictus
328 2909 416 2972 cedit,
456 2911 527 2960 rime
548 2911 585 2961 sit
602 2910 731 2962 vocabuli
749 2910 890 2974 sequentis
930 2909 1064 2973 usdrisyl-
1092 2907 1226 2973 πρόχειρα
1245 2907 1250 2974 Ι
1269 2907 1356 2972 ψάλια
1373 2907 1519 2973 δέρκεσθαι
1538 2907 1627 2974 πάρα,
1645 2909 1690 2960 rel
1707 2909 1925 2975 quadrisyllabo,

231 2979 305 3039 labi,
322 2982 354 3028 nt
371 2992 425 3042 apu
461 2977 559 3032 Aesch.
576 2977 665 3028 Prom.
683 2979 725 3030 52.
746 2975 852 3029 οὔκουν
873 2975 922 3029 έπε
950 2991 974 3028 ει
990 2976 1065 3042 τῷδε
1091 2973 1176 3027 ut'ib.
1190 2979 1248 3026 210.
1267 2975 1312 3028 καί
1331 2976 1396 3028 Γαῖα
1413 2976 1531 3027 πολλῶν
1554 2975 1559 3042 Ι
1584 2975 1736 3039 ὀνομάτων
1753 2977 1849 3042 μαρφι)
1868 2973 1924 3039 μία,

229 3043 322 3108 δεσμά
342 3044 510 3108 περιβαλεῖν.
543 3045 626 3111 Soph.
645 3045 695 3095 Ph.
718 3047 792 3096 1902.
812 3043 865 3096 οὐκ
885 3043 921 3095 ἂν
942 3042 1064 3111 μεθείην.
1092 3059 1175 3108 saepe
1195 3047 1279 3094 etiam
1296 3044 1435 3109 disyllabo
1452 3043 1498 3096 vel
1514 3044 1715 3108 monosyllabo,
1733 3050 1764 3094 nt
1776 3047 1852 3095 Pers.
1866 3046 1924 3096 181.

210 3114 304 3176 Ιιρεο,
320 3109 349 3163 τί
367 3110 396 3174 μ’
406 3110 495 3176 ἄνδρα
510 3111 653 3175 πολέμιον.
688 3113 746 3164 Ιοιι.
761 3115 835 3164 1001.
855 3111 952 3177 τούτῳ
968 3109 1066 3164 δίδωσι
1091 3109 1226 3176 ἐδοξάτην
1244 3125 1289 3175 μοι
1307 3109 1313 3178 Ι
1332 3110 1385 3164 δύο
1398 3115 1523 3175 γοναῖκε.
1547 3111 1584 3164 Se
1605 3118 1626 3164 t.
1639 3115 1713 3164 1029.
1730 3109 1835 3173 θάψασ’
1847 3111 1926 3164 ἀδελ·

231 3179 350 3241 Παλλάς
366 3177 428 3231 όντι
445 3177 582 3244 νεογόνῳ.
609 3180 692 3230 Andr.
707 3183 766 3231 444.
785 3179 891 3232 οὔκουν
908 3179 1023 3246 θρασεῖά
1038 3179 1066 3242 γ’
1092 3178 1150 3244 pov
1164 3177 1169 3244 Ι
1184 3178 1237 3230 τόν
1248 3177 1324 3243 έμόν.
1348 3181 1425 3232 Eum.
1438 3183 1496 3232 232.
1509 3178 1565 3242 ἐγὼ
1582 3129 1608 3231 ξ’
1620 3177 1714 3245 ἀρήξω
1733 3177 1739 3244 Ι
1756 3177 1810 3230 τόν
1828 3177 1926 3244 ίκέτην

232 3247 325 3300 αὐτόν
341 3245 419 3309 έλπίς
436 3245 576 3310 ἀναμένει.
602 3246 667 3313 (nisi
679 3248 723 3299 hic
740 3253 769 3299 et
780 3248 849 3299 Hec.
863 3250 936 3299 1281.
951 3245 1066 3310 ἀμμένει
1090 3260 1123 3298 τε
1135 3245 1264 3311 ῥύσομαι.
1289 3246 1370 3312 Apud
1383 3246 1547 3313 Sophoclem
1559 3249 1604 3302 Αἱ.
1617 3250 1675 3298 301.
1686 3245 1769 3308 τέλος
1782 3246 1806 3297 δ’
1818 3245 1925 3312 ὑπᾴξας

231 3315 420 3379 scribendum,
437 3321 468 3366 ut
485 3316 567 3366 Andr.
584 3331 611 3367 v.
631 3319 704 3368 1137.
720 3316 814 3366 verbis
831 3315 925 3366 finitur
939 3313 1065 3376 διδόντες
1094 3314 1097 3380 )
1116 3313 1161 3368 διὰ
1173 3315 1268 3379 θυρῶν
1280 3317 1343 3380 σκιᾷ
1354 3329 1417 3366 τινι.
1453 3315 1496 3364 El.
1510 3317 1584 3366 1291.
1602 3313 1698 3366 ἀντλεῖ
1724 3313 1761 3366 τά
1777 3314 1802 3365 δ’
1814 3311 1897 3378 ἐκχεῖ,
1920 3313 1924 3378 ί

230 3381 368 3447 ἀμπνοὰς,
382 3383 454 3450 qnod
464 3384 555 3434 inuno
565 3382 820 3435 nulliusfideilibro
832 3381 1013 3444 ἰιιάναττνοάς
1023 3387 1066 3434 est
1090 3381 1127 3434 τά
1144 3380 1175 3434 δέ
1187 3379 1341 3446 διασπείρει
1354 3381 1454 3446 μάτην.
1472 3381 1539 3434 Oed.
1553 3385 1584 3434 R.
1596 3381 1637 3433 99.
1655 3351 1729 3447 ποίῳ
1748 3383 1898 3446 καθαρμῷ;
1919 3379 1923 3446 l

230 3451 387 3516 mutatum.)
415 3451 475 3501 Nou
492 3455 572 3501 tanta
586 3455 678 3502 tamen
691 3455 833 3517 poetarum
849 3451 904 3501 fuit
920 3451 1065 3516 diligentia
1091 3447 1279 3514 τίςότρόπος
1291 3451 1341 3514 τῆς
1354 3450 1504 3515 ξυμφορᾶς.
1530 3449 1667 3514 Dactylns
1684 3465 1718 3500 ex
1731 3451 1925 3501 tribusmono-

229 3524 264 3569 nt
277 3521 311 3570 ab
324 3517 388 3569 aliis
400 3519 533 3569 tribrachi
549 3519 645 3569 fonnis
657 3533 768 3584 prorsus
787 3519 974 3584 abstinerent,
993 3517 1065 3583 quod
1092 3519 1207 3584 syllabis
1231 3518 1401 3582 compositus
1424 3533 1557 3583 nusquam
1581 3516 1655 3582 apud
1675 3517 1856 3581 Aeschylum,
1882 3523 1926 3567 ter

230 3587 358 3638 collectis
372 3586 506 3652 exemplis
518 3586 641 3638 ostendit
649 3585 807 3648 Muellerus,
822 3601 936 3650 quorum
945 3585 1065 3650 heschy-
1092 3601 1108 3636 a
1129 3585 1165 3636 ud
1177 3584 1349 3650 Sophoclem,
1367 3583 1435 3638 Oed.
1449 3587 1481 3636 R.
1494 3587 1552 3636 768.
1570 3581 1722 3649 είρημέν’ῇ
1741 3598 1786 3646 μοι
1804 3583 1839 3634 δι’
1850 3582 1868 3634 ά
1881 3599 1925 3634 νιν
1978 3631 1980 3635 ,

230 3655 277 3706 lca
293 3653 363 3704 haee
380 3658 445 3704 sunt
463 3651 489 3721 1)
507 3655 585 3707 Pers.
604 3671 629 3705 r.
646 3656 704 3706 448.
722 3655 750 3703 in
767 3654 853 3704 verba
870 3659 987 3704 exeunte
1000 3652 1065 3717 ilud
1093 3602 1205 3705 είίτιδεῖν
1222 3651 1306 3706 θέλω.
1335 3652 1383 3703 Ph.
1402 3653 1459 3704 578.
1475 3648 1503 3702 τί
1519 3661 1620 3715 φησιν,
1638 3649 1738 3712 abach
1756 3650 1785 3702 τί
1802 3665 1836 3712 με
1852 3650 1925 3702 κατὰ

230 3719 391 3786 φιλόχορος.
419 3723 478 3772 492.
489 3723 573 3784 γαῖαν
584 3719 612 3783 ές
624 3735 656 3772 τε
669 3719 847 3773 Μακεδόνων
864 3719 923 3785 (ubi
939 3721 1065 3787 probabi·
1091 3718 1204 3774 σκότον.
1228 3721 1287 3771 815.
1305 3717 1333 3772 τί
1345 3721 1538 3784 παραφρονεῖς
1550 3715 1598 3780 αῦ;
1617 3716 1645 3770 τί
1656 3717 1709 3770 τόν
1722 3716 1783 3770 άνω
1797 3716 1924 3779 λεύσσεις

231 3790 299 3840 liter
310 3787 360 3853 ἠδέ
373 3787 550 3840 Μακεδόνων
562 3794 716 3840 correctum
729 3787 794 3853 est).
820 3790 897 3840 Ροτε.
910 3791 967 3840 501.
980 3800 1064 3854 στρα·
1091 3786 1209 3850 κύκλον;
1224 3793 1253 3839 et
1265 3789 1376 3853 saepius
1389 3788 1464 3854 apud
1475 3787 1645 3853 Euripidem,
1657 3787 1729 3838 locis
1741 3787 1776 3838 ab
1790 3785 1924 3838 Muellero

229 3857 282 3918 τός
294 3859 368 3922 περᾷ
377 3856 616 3921 κρυσταλλοπῆγα
624 3855 669 3907 διὰ
679 3855 778 3921 πόρον.
798 3854 894 3924 Suppl.
904 3859 963 3908 259.
972 3855 1065 3907 τιῖινδε
1090 3856 1223 3908 indicatis
1236 3873 1262 3920 p.
1278 3859 1334 3910 112.

229 3921 301 3976 τάπί
312 3922 381 3976 τάδε
392 3926 496 3990 κρατιῖι.
520 3922 547 3990 3)
560 3926 637 3975 Eum.
649 3927 708 3976 480.
720 3922 868 3988 ἀμφότερα
880 3923 982 3988 μένειν.
1006 3925 1063 3976 797.
1142 3925 1174 3976 ln
1186 3923 1284 3988 quinta
1296 3924 1400 3974 senarii
1412 3923 1476 3974 sede
1486 3937 1567 3988 quum
1578 3923 1679 3988 tragici
1687 3923 1826 3974 tribracho
1839 3921 1924 3973 multe

231 3991 371 4057 μαρτύρια
380 3993 483 4058 παρῆν.
505 3991 599 4059 Suppl.
612 3993 670 4044 388.
683 3989 822 4055 ἐγγύτατα
833 3990 942 4056 γένους.
963 3990 1064 4056 Sopho·
1091 3993 1180 4041 rarius
1198 4005 1279 4054 qnam
1296 3991 1326 4040 in
1343 3995 1475 4058 quattuor
1490 3991 1584 4056 primis
1602 3989 1719 4056 pedihus
1735 3991 1778 4040 usi
1795 3990 1866 4051 sint,
1884 4005 1925 4040 ra·

230 4060 294 4112 clea
312 4058 339 4124 1)
351 4060 418 4113 Oed.
432 4063 465 4112 n.
479 4062 553 4112 1505.
577 4057 615 4123 μή
631 4071 687 4122 σφε
705 4057 836 4124 περιίδῃς.
868 4060 918 4111 Ρίι.
937 4061 1011 4110 1327.
1033 4057 1064 4120 ὃς
1091 4059 1161 4110 tioui
1178 4063 1395 4110 consentaneum
1411 4065 1472 4110 erat
1489 4064 1520 4110 ut
1538 4059 1624 4110 multo
1642 4059 1730 4123 magis
1748 4057 1782 4108 ab
1801 4057 1924 4121 dactylo,

230 4125 286 4179 cdv
296 4125 436 4192 ἀκαλυφῆ.
459 4128 569 4191 Fragm.
578 4130 636 4178 239.
649 4126 709 4180 ἔστι
719 4128 772 4192 γάρ
781 4140 823 4189 τις
832 4123 937 4179 έναλία.
960 4126 987 4191 2)
997 4126 1064 4178 Oed.
1091 4143 1144 4193 qno
1156 4126 1310 4178 nouaclum
1324 4127 1408 4188 ersis,
1427 4126 1476 4176 sed
1489 4127 1572 4177 etiarn
1585 4127 1728 4177 anacrusis
1740 4125 1824 4175 iambi
1836 4131 1924 4176 muta-

229 4195 264 4248 B.
277 4197 336 4247 907.
350 4197 464 4247 κτανεῖν
476 4193 596 4257 ἔμελλον
611 4193 873 4259 inrepercussum,
886 4193 902 4246 ό
914 4192 945 4246 δέ
958 4192 1062 4245 θανών.
1091 4200 1144 4258 tur,
1157 4194 1350 4258 abhorrerent,
1364 4195 1442 4245 onius
1454 4193 1559 4245 nullum
1572 4207 1701 4259 nsquam,
1720 4197 1748 4242 st
1759 4208 1794 4243 ne
1806 4193 1836 4242 in
1849 4197 1923 4256 saty-

231 4260 261 4328 3)
279 4263 421 4315 vocabulo
438 4262 582 4326 trisyllaho
599 4263 642 4314 Δί.
656 4265 716 4315 459.
733 4259 815 4315 πεδία
831 4261 908 4314 τάδε.
944 4249 1014 4315 hed.
1031 4263 1062 4312 B.
1090 4263 1148 4313 rico
1167 4261 1274 4326 quidem
1291 4261 1429 4325 dramate,
1452 4262 1528 4328 apud
1544 4277 1592 4312 eos
1608 4260 1762 4327 exemplum
1778 4261 1923 4326 reperitur,

231 4332 309 4384 1496.
326 4329 435 4395 πατέρα
452 4329 556 4448 carry.
592 4330 647 4382 Sed
659 4332 697 4382 ib.
711 4333 769 4384 719.
787 4330 883 4395 χερσίν
901 4327 940 4392 είς
958 4327 1064 4392 ἄβατον
1090 4330 1144 4380 nisi
1160 4330 1208 4380 ubi
1224 4328 1397 4381 librariorum
1419 4329 1556 4381 erroribus
1574 4328 1731 4379 manifestis
1748 4334 1792 4378 est
1812 4327 1921 4380 illatus:

231 4397 300 4464 ὅρος
312 4403 386 4450 recte
398 4399 501 4465 Musgr.
538 4399 625 4462 βατσν
642 4396 682 4460 είς
694 4396 775 4462 opor,
792 4405 823 4449 nt
839 4399 870 4448 in
882 4398 1061 4448 annotatione
1091 4395 1125 4447 de
1137 4412 1190 4462 quo
1206 4401 1269 4462 post
1281 4395 1426 4448 Metellum
1442 4397 1471 4447 in
1484 4396 1689 4462 Prolegomenis
1707 4395 1842 4446 Thesauri
1860 4410 1923 4461 poe·

170 4501 175 4506 -
231 4465 352 4519 ostendi.
387 4467 414 4530 4)
427 4466 469 4516 El.
482 4467 541 4520 326,
560 4464 680 4531 ἐντάφια
697 4469 801 4530 χεροῖν.
827 4467 891 4516 Ant.
907 4467 964 4516 418.
982 4462 1064 4528 οὐρά-
1091 4465 1139 4515 tici
1161 4463 1231 4514 dixit
1252 4464 1392 4516 Seidlerus
1413 4466 1442 4515 in
1464 4464 1535 4516 libro
1555 4463 1589 4515 de
1610 4465 1736 4515 versibus
1755 4463 1923 4516 dochmiacis

230 4547 296 4584 νιον
306 4531 381 4597 όχσς.
415 4533 441 4594 5)
460 4535 571 4600 Fragm.
586 4535 642 4585 809.
659 4533 701 4599 (in
715 4534 811 4585 sabula
828 4533 964 4599 satyrica)
982 4530 1064 4584 ἀλλο·
1090 4549 1116 4598 ρ.
1130 4533 1180 4584 380
1193 4547 1268 4597 seqq.

230 4599 390 4666 τρωφόγοι.
425 4601 507 4667 Apud
529 4601 690 4666 Euripidem
711 4603 860 4652 communis
884 4601 982 4666 regula
1002 4615 1064 4651 raro
1140 4602 1183 4650 Dc
1196 4599 1305 4666 legibus
1317 4599 1417 4651 senarii
1429 4601 1458 4650 in
1471 4599 1574 4651 fabulis
1586 4600 1717 4664 satyricis
1729 4605 1836 4650 mutum
1849 4600 1924 4652 novi-

231 4669 367 4733 violatur‚
381 4666 406 4736 1)
420 4668 462 4722 sl.
474 4669 533 4720 616.
547 4667 646 4729 δεξιαῖς
659 4682 692 4721 τε
703 4667 883 4734 δορυφόρων.
906 4669 1063 4733 pariterque
1091 4683 1150 4719 mus
1171 4673 1303 4732 qnantum
1321 4683 1355 4718 ex
1370 4669 1452 4720 unico
1470 4667 1542 4733 qnod
1563 4673 1690 4732 superest
1711 4667 1792 4718 huius
1813 4667 1923 4732 generis

230 4736 367 4788 vocabulo
389 4735 579 4802 monosyllabo
601 4740 630 4786 et
651 4735 860 4801 quadrisyllabo
880 4735 965 4789 Herc.
983 4736 1003 4786 i.
1021 4737 1063 4786 76.
1091 4735 1229 4799 dramate,
1249 4734 1369 4801 Cyclope
1381 4735 1535 4801 Euripidis,
1556 4734 1651 4800 colligi
1663 4739 1755 4799 potest
1772 4739 1801 4785 et
1817 4749 1869 4784 uno
1882 4734 1924 4784 al·

228 4805 290 4856 Ion.
310 4807 383 4855 1541.
411 4805 480 4858 Hec.
499 4805 572 4855 1054.
600 4803 700 4856 Bacch.
717 4805 777 4856 272.
795 4806 854 4854 322.
872 4805 922 4854 484
961 4803 1062 4855 Troad.
1091 4809 1204 4868 teroque
1218 4804 1328 4854 senario
1341 4818 1421 4869 quem
1433 4802 1608 4868 grammatici
1620 4817 1654 4852 ex
1666 4801 1730 4853 aliis
1742 4803 1824 4853 trium
1836 4803 1922 4868 tragi-

228 4874 289 4923 996.
313 4871 373 4938 Iph.
384 4871 417 4922 T.
430 4873 488 4924 985.
512 4871 622 4922 Incerta
632 4876 696 4922 suut
708 4871 835 4936 exempla
848 4870 907 4923 Alc.
921 4873 979 4924 526.
1002 4869 1063 4936 ίρίι.
1092 4885 1184 4921 corum
1196 4870 1301 4922 fabulis
1313 4871 1441 4934 satyricis
1454 4874 1609 4922 servarunt.
1645 4870 1687 4918 Ex
1699 4868 1820 4934 Cyclope
1836 4869 1924 4934 igitur

228 4939 264 4994 T.
282 4941 322 4990 23.
347 4939 449 4990 Phceu.
466 4941 525 4990 504.
546 4939 595 4989 ubi
615 4936 754 5001 άμβαλοθ,
776 4935 912 5002 άμφέρων
934 4943 969 5001 st,
993 4937 1065 5003 quod
1091 4937 1231 5003 Euripidis
1249 4936 1433 5002 intelligimus
1453 4939 1483 4987 in
1504 4937 1623 4988 senariis
1646 4935 1780 4988 dramatis
1798 4937 1922 5001 satyrici,

228 5007 343 5071 saepius
360 5021 441 5071 quam
457 5007 513 5058 alia
526 5005 683 5057 huiusmodi
698 5005 832 5056 intactum
850 5006 1021 5070 reliquerunt
1033 5004 1065 5055 li·
1090 5006 1167 5055 cuins
1180 5005 1232 5056 hoc
1246 5009 1289 5056 est
1305 5005 1444 5070 proprium
1460 5011 1492 5055 nt
1504 5005 1669 5069 gravitatem
1685 5004 1848 5070 tragoediae
1861 5005 1922 5054 imi·

226 5074 325 5138 brarii,
337 5071 458 5134 ἀντολάς
468 5073 551 5125 scribi
560 5079 653 5139 potest
666 5089 715 5138 pro
727 5070 828 5125 ἀνα-.
846 5073 873 5138 2)
886 5073 979 5139 lpus.
991 5074 1065 5124 1247.
1090 5079 1180 5135 tetur,
1200 5072 1274 5138 quod
1294 5075 1391 5124 comici
1413 5087 1519 5136 quoque
1541 5086 1626 5137 saepe
1646 5069 1789 5135 fecarunt,
1812 5071 1924 5122 easdem

228 5139 392 5203 ἀντόμεσθα
404 5139 456 5192 δύο
468 5137 552 5207 φίλω.
582 5143 653 5192 1415.
672 5140 839 5194 Δαναΐδαισι
851 5139 895 5192 διά
908 5139 1005 5206 μάχης.
1027 5145 1064 5203 et,
1091 5140 1150 5190 fere
1163 5155 1235 5206 qnae
1248 5141 1276 5191 in
1288 5139 1438 5206 tragoediis
1450 5139 1527 5205 leges
1538 5139 1690 5202 observari,
1702 5140 1756 5189 nisi
1769 5139 1842 5204 qnod
1854 5154 1924 5190 ana·

228 5223 302 5274 quae
315 5209 448 5260 tribrachi
466 5209 629 5274 compositio
642 5208 709 5259 alibi
726 5209 799 5274 apud
816 5209 938 5276 tragicos
955 5224 1010 5259 nou
1023 5223 1064 5257 re·
1092 5213 1205 5273 paestns
1218 5224 1272 5259 non
1286 5208 1371 5259 solum
1385 5209 1413 5258 in
1426 5211 1514 5273 prima
1525 5221 1623 5258 versus
1636 5207 1714 5270 sede,
1735 5207 1783 5256 sed
1797 5207 1882 5257 etiam
1894 5207 1924 5257 iu

227 5271 1066 5410 iiiiii&‘t‘iibi‘l‘iiiiieiiiiiiiliisi‘i‘
1090 5274 1923 5409 ,tistitt’ttittffiffltttitt²l¹¹⁸s¹lttt⁸i5ttt

229 5415 304 5464 1067.
324 5361 692 5477 περιφοράνγὲλικοδρόμον.
1092 5409 1191 5475 μακροὶ
1206 5409 1300 5474 τόνοι,
1323 5410 1445 5461 sedecim
1468 5425 1538 5474 quae
1560 5379 1638 5460 certa¹
1658 5409 1755 5460 baberi
1771 5411 1879 5475 possint
1894 5411 1924 5460 iu

227 5511 264 5519 -
272 5511 313 5517 -
1090 5478 1209 5543 Cyclope
1220 5477 1363 5544 Euripidis
1375 5479 1568 5528 1642112242.
1581 5479 1639 5530 260.
1652 5480 1709 5529 272.
1724 5480 1781 5530 274.
1794 5479 1853 5529 646.
1864 5479 1922 5529 558.

271 5546 297 5614 ¹'l
310 5547 355 5599 De
368 5547 419 5598 hoc
432 5546 602 5600 ietudixiad
614 5547 776 5615 Soph.Oed.
788 5547 1063 5601 trecassensium
1089 5548 1147 5597 660.
1160 5547 1219 5600 562.
1232 5548 1291 5598 582.
1304 5547 1364 5598 588.
1377 5547 1436 5596 637.
1449 5547 1507 5597 646.
1519 5547 1576 5597 647.
1589 5541 1662 5610 ests,
1681 5546 1735 5597 duo
1751 5552 1864 5612 propter
1881 5547 1923 5596 in-

223 5619 317 5671 Oxon.
331 5632 358 5670 a.
371 5616 446 5670 1860.
1091 5619 1194 5666 certam
1207 5614 1372 5679 scripturam
1384 5612 1483 5678 dubia,
1495 5615 1553 5666 234.
1566 5617 1639 5680 334,
1653 5619 1784 5681 quattuor
1794 5615 1823 5665 in
1835 5613 1921 5670 noim-

1675 5699 1721 5764 ,.
