4248 6596
658 499 996 552 Amnoonno‘rn
1024 498 1226 551 nnonnm.
1749 495 1789 584 31

685 605 905 612 ---—-.—-·-—-—-
929 605 1081 611 ——--..-..
1312 603 1620 610 ----.-—.—-.-..-—-
1689 603 1725 608 ἁ

104 655 191 732 οἰκία,
214 653 290 719 ὅθεν
312 651 411 731 ἦντὸ
433 653 517 732 πρὸς
539 652 658 731 μητρός
680 653 778 730 γένος
801 651 820 715 δ
842 650 1056 732 μειρακίσκος,
1078 651 1111 716 ἐξ
1134 651 1245 730 ἀρχῆς,
1269 649 1316 728 ὥς
1339 665 1440 731 φησιν
1456 651 1641 730 Ἡρόδοτος,
1663 655 1787 728 τεθριπ-

103 756 271 837 ποτρόφος
300 753 339 833 ήν
368 755 417 819 καὶ
444 755 570 832 πολλάς
599 753 779 838 ἀνῃρημένη
808 753 913 833 νίκας,
942 754 999 832 τὰς
1028 754 1084 831 μέν
1112 752 1319 832 Ὀλυμπίασι,
1347 752 1406 831 τάς
1435 753 1470 818 δέ
1491 753 1611 834 Πυθοῖ,
1641 751 1793 830 ἐνίας·δέ

103 859 218 937 Ἰσθμοῖ
239 859 288 923 καὶ
305 857 409 939 Νεμέᾳ
430 857 481 922 καί
496 857 530 922 ἐν
546 855 658 934 ἀλλοις
674 859 811 934 πολλοῖς
827 855 960 932 ἀγῶσιν.
992 853 1227 934 εὐδοκιμοῦσαν
1243 852 1303 921 οὖν
1318 845 1407 934 δρῶν
1423 855 1442 918 δ
1457 854 1629 933 νεανίσκος
1644 854 1793 919 ἀπέκλινε

103 961 183 1040 πρὸς
207 961 244 1024 τὸ
268 960 342 1038 ἔθος
365 965 430 1024 τῶν
454 959 538 1038 πρὸς
560 958 678 1037 μητρὸς
701 958 884 1037 προγόνων.

184 1061 241 1125 ΙΠ.
285 1062 350 1140 Τήν
373 1061 429 1138 μέν
451 1059 621 1143 κωμῳδίαν
649 1063 763 1138 καθῆκε
786 1060 865 1125 κατά
888 1059 1097 1139 Σωκράτους,
1129 1058 1175 1137 ῶς
1203 1062 1334 1124 τοιαῦτα
1355 1059 1544 1138 νομίζοντος
1571 1059 1621 1123 καί
1645 1059 1792 1139 Νεφέλας

101 1165 150 1228 καὶ
172 1165 265 1243 Ἀέρα
289 1163 340 1227 καί
359 1161 388 1227 τί
410 1163 471 1241 γάρ
494 1161 562 1225 ἀλλ’
584 1163 603 1241 ή
626 1151 740 1241 ξένους
763 1162 956 1241 εἰσάγοντος
978 1161 1141 1241 δαίμονας.
1185 1169 1273 1246 χορῷ
1297 1163 1332 1225 δέ
1354 1161 1514 1242 ἐχρήσατο
1532 1161 1688 1241 Νεφελῶν
1710 1162 1793 1240 πρὸς

101 1269 158 1346 τῆν
186 1269 243 1330 τοῦ
272 1263 392 1344 ἀνδρὸς
421 1263 628 1343 κατηγορίαν,
657 1265 707 1328 καὶ
733 1265 784 1328 διά
806 1268 903 1328 τοῦτο
927 1263 1033 1341 οὕτως
1056 1262 1223 1342 ἐπεγράφη
1245 1265 1283 1328 τό
1306 1267 1417 1344 δράμα.
1460 1265 1559 1328 διτταὶ
1581 1265 1616 1328 δέ
1638 1263 1793 1343 φέρονται

103 1369 249 1448 Νεφέλαι.
288 1367 319 1430 οἱ
340 1367 376 1430 δέ
397 1367 678 1448 κατηγορήσαντες
702 1367 894 1446 Σωκράτους
919 1367 1067 1443 Μέλητος
1090 1365 1140 1428 καὶ
1161 1365 1307 1443 Ἀνυτος.

184 1468 239 1533 IV.
282 1469 319 1533 Αἱ
346 1473 469 1548 πρῶται
497 1469 655 1549 Νεφέλαω
684 1468 719 1532 ἐν
747 1467 837 1533 ἀστει
866 1467 1078 1547 ἐδιδάχθησαν
1107 1467 1159 1532 ἐπὶ
1187 1467 1347 1547 ἄρχοντος
1371 1469 1532 1550 Ἰσάρχου,
1559 1467 1614 1531 ὅτε
1638 1467 1792 1546 Κρατῖνος

101 1573 157 1650 μὲν
186 1571 275 1636 ἐνίκα
295 1571 427 1655 Πυτίνῃ,
455 1570 617 1650 Ἀμειψίας
640 1571 676 1634 δὲ
700 1570 819 1655 Κόννῳ.
864 1573 974 1649 διόπερ
998 1569 1233 1650 Ἀριστοφάνης
1256 1569 1465 1651 ἀπορριφθεῖς
1488 1569 1685 1649 παραλόγως
1708 1570 1793 1653 ᾡήθη

101 1677 168 1738 δεῖν
196 1672 380 1740 άναδιδάξαι
407 1673 465 1751 τάς
496 1672 644 1754 Νεφέλας
674 1671 750 1754 [τάς
780 1671 950 1755 δευτέρας]
972 1671 1022 1735 καί
1044 1671 1290 1752 άπομέμφεσθαι
1316 1673 1353 1736 τό
1376 1671 1520 1750 θέατρον.
1566 1671 1737 1751 ἀποτυχὼν
1760 1671 1794 1734 δέ

100 1777 185 1840 πολὺ
214 1779 335 1855 μάλλον
364 1776 414 1839 καί
442 1775 476 1839 ἐν
504 1777 573 1853 τοῖς
603 1775 711 1838 ἔπειτα
739 1773 844 1838 οὐκέτι
871 1776 931 1853 τήν
959 1776 1130 1853 διασκευὴν
1153 1773 1332 1853 εἰσήγαγεν.
1377 1773 1409 1838 αἱ
1429 1775 1465 1838 δὲ
1487 1775 1631 1852 δεύτεραι
1655 1773 1794 1854 Νεφέλαι

100 1877 153 1940 ἐπλ
174 1877 327 1955 Ἀμεινίου
350 1877 519 1957 ἄρχοντος.

185 1977 223 2042 V.
268 1980 312 2044 Τὸ
340 1983 443 2059 δράμα
469 1979 506 2043 τὸ
535 1982 600 2044 τῶν
626 1979 782 2058 Νεφελῶν
812 1979 891 2042 κατὰ
915 1977 1108 2058 Σωκράτους
1137 1979 1311 2059 γέγραπται
1340 1982 1397 2044 τοῦ
1428 1977 1617 2059 φιλοσόφου
1646 1977 1792 2056 ἐπίτηδες

100 2079 148 2160 ῶς
171 2083 524 2160 κακοδιδασκαλοῦντος
547 2081 624 2159 τοὺς
647 2083 743 2160 νέους
766 2081 925 2160 Ἀθήνησι,
953 2083 1020 2146 τῶν
1043 2085 1188 2160 κωμικῶν
1211 2083 1295 2162 πρὸς
1317 2083 1394 2159 τοὺς
1417 2080 1628 2160 φιλοσόφους
1650 2080 1793 2160 ἐχόντων

99 2184 171 2249 τινά
193 2183 391 2260 ἀντιλογίαν,
425 2183 495 2266 οὐχ,
522 2182 568 2261 ῶς
591 2204 688 2262 τινες,
711 2185 750 2247 δι’
772 2183 945 2263 Ἀρχέλαον
967 2182 1025 2249 τὸν
1042 2183 1241 2249 Μακεδόνων
1257 2183 1399 2266 βασιλέα,
1423 2183 1472 2247 ότι
1487 2183 1678 2263 προύκρινεν
1695 2181 1793 2247 αὐτὸν

103 2285 370 2367 Ἀριστοφάνους.
1167 2365 1173 2382 ι

186 2385 240 2451 VI.
283 2389 389 2453 Τοῦτο
411 2389 528 2454 ταυτόν
552 2388 687 2472 ἐστιτῷ
710 2388 869 2471 προτέρῳ,
897 2388 1121 2454 διεσκεύασται
1142 2390 1178 2452 δέ
1200 2387 1251 2451 ἐπὶ
1272 2388 1401 2470 μέρους,
1426 2387 1472 2468 ῶς
1496 2387 1535 2452 ἂν
1550 2389 1589 2466 δὴ
1612 2387 1794 2454 ἀναδιδάξαι

99 2490 160 2568 μὲν
183 2489 263 2554 αὐτὸ
285 2495 344 2554 τοῦ
367 2496 502 2570 ποιητοῦ
525 2490 803 2570 προθυμηθέντας,
828 2488 934 2553 ούκέτι
956 2491 991 2553 δέ
1013 2493 1109 2555 τοῦτο
1138 2491 1178 2554 δι’
1199 2489 1238 2567 ῆν
1262 2510 1341 2554 ποτε
1364 2489 1463 2555 αἰτίαν
1490 2490 1698 2569 ποιήσαντος.
1741 2509 1794 2553 κα-

98 2592 202 2656 θόλου
230 2593 286 2672 μέν
317 2591 376 2658 οὖν
400 2594 520 2673 σχεδόν
549 2593 637 2672 παρὰ
663 2594 727 2656 πάν
751 2592 849 2671 μέρος
871 2592 1063 2670 γεγενημένη
1091 2591 1272 2671 διόρθωσις.
1316 2592 1355 2656 τά
1377 2593 1433 2669 μὲν
1455 2593 1516 2671 γάρ
1538 2595 1732 2675 περιῄρηται,
1754 2591 1794 2655 τά

98 2695 137 2758 δέ
160 2694 433 2774 παραπέπλεκται,
463 2695 513 2760 καί
532 2695 568 2760 έν
588 2700 625 2778 τῇ
647 2691 731 2759 τάξεὶ
750 2693 850 2759 καὶέν
866 2699 903 2777 τῇ
919 2699 985 2758 τῶν
1001 2695 1205 2771 προσώπων
1222 2696 1373 2778 διαλλαγῇ
1389 2694 1682 2776 μετεσχημάτισται,
1705 2693 1745 2757 τά
1759 2693 1794 2756 δὲ

99 2796 307 2876 ὁλοσχεροῦς
329 2801 387 2875 τῆς
410 2801 580 2876 διασκευῆς
602 2799 734 2861 τοιαῦτα
757 2793 836 2860 ὄντα
857 2795 1042 2878 τετύχηκεν·
1070 2795 1181 2860 αὐτίκα
1203 2797 1222 2874 ἡ
1245 2797 1427 2876 παράβασις
1449 2799 1508 2861 τοῦ
1524 2799 1625 2876 χοροῦ
1640 2797 1794 2874 ἤμειπται,

97 2897 153 2962 καί
180 2897 264 2963 ὅπου
292 2897 311 2962 δ
338 2899 457 2978 δίκαιος
486 2898 586 2978 λόγος
614 2899 697 2978 πρὸς
724 2897 782 2962 τὸν
812 2896 921 2962 ἀδικον
950 2899 1054 2979 λαλεῖ,
1088 2899 1138 2962 καί
1159 2901 1341 2964 τελευταῖον
1365 2897 1451 2963 ὅπου
1473 2897 1590 2963 καίεται
1611 2897 1630 2976 ή
1653 2899 1793 2978 διατριβή

98 3001 310 3080 Σωκράτους.

188 3199 197 3223 ·
217 3187 249 3244 Αἱ
262 3193 372 3255 πρῶται
386 3186 520 3254 Νεφέλαι]
541 3190 582 3239 De
597 3189 701 3254 duplici
713 3189 831 3238 Nubium
844 3187 966 3238 editione
980 3186 1035 3236 dixi
1049 3188 1076 3236 in
1087 3187 1313 3252 Fragmentorum
1326 3188 1447 3240 editione
1458 3189 1608 3240 Oxoniensi
1622 3205 1647 3253 p.
1655 3189 1794 3240 oon-513.

95 3263 143 3312 De
157 3261 218 3311 loeo
231 3261 363 3326 Diogenis
375 3262 408 3310 L.
421 3263 445 3320 2,
460 3259 509 3320 18„
527 3258 560 3308 de
579 3273 632 3322 quo
650 3257 689 3308 ibi
707 3257 763 3306 dixi
781 3273 806 3322 p.
819 3259 960 3307 ἀλλ-513.
986 3255 1140 3306 addendum
1168 3258 1259 3306 omnio
1282 3257 1328 3307 illa
1347 3255 1436 3308 ἐδόκει
1455 3256 1486 3307 δέ
1498 3259 1647 3319 συμποιεῖν
1660 3271 1746 3320 nsque
1759 3255 1794 3305 ed

95 3330 189 3380 verbo
202 3327 285 3390 αὑτός
297 3329 356 3380 ἐστι
367 3326 418 3388 τὰς
430 3326 520 3390 σοφάς
532 3342 587 3375 non
599 3341 660 3376 esso
674 3327 707 3376 ab
720 3326 843 3390 Diogene
858 3323 970 3389 scripte,
994 3323 1041 3372 sed
1059 3325 1176 3389 margini
1193 3324 1256 3373 olim
1274 3323 1415 3389 adscripto
1433 3325 1518 3375 fuisse
1532 3341 1565 3374 ex
1578 3327 1601 3374 V
1603 3325 1643 3373 iio
1655 3322 1794 3388 Euripidis

95 3397 165 3448 loeo
184 3396 286 3447 alieno:
312 3397 384 3462 qnod
403 3395 602 3446 demonstravit
613 3397 645 3444 L.
658 3392 817 3444 Diodorfius
829 3394 857 3442 in
869 3392 994 3442 Praesei.
1007 3391 1042 3441 od
1056 3392 1247 3458 Xenophontis
1260 3393 1475 3458 Memorabilium
1495 3393 1643 3443 editionem
1657 3391 1794 3442 Oxonion·

94 3481 160 3518 sem
173 3483 201 3531 p.
214 3466 286 3516 xlx.
298 3467 358 3516 XX.

824 3600 850 3609 μ-
856 3598 1076 3607 m———ffl—

395 3735 646 3788 ΣΤΡΕΨΙΑΔΠΣ.
1247 3733 1509 3784 ΦΕΙΔΙΠΠΙΔΗΣ.

174 3803 225 3856 ’λοῦ
238 3801 294 3856 ἰού·
1029 3799 1135 3864 Φίλων,
1148 3798 1262 3862 ἀδικεῖς·
1280 3799 1379 3852 ἔλαυνε
1391 3801 1443 3852 τόν
1456 3801 1562 3852 σαυτοῦ
1575 3799 1688 3866 δρόμον.
1768 3811 1794 3850 τε

172 3878 197 3930 ῶ
209 3879 264 3932 Ζεῦ
277 3882 400 3944 βασιλεῦ,
414 3880 448 3932 τά
460 3882 552 3945 χρῆμα
563 3881 624 3930 τῶν
638 3881 751 3930 νυκτῶν
764 3879 832 3932 ὀσον
962 3879 1017 3928 ΣΤ.
1027 3877 1108 3929 τοῦτ’
1119 3860 1177 3928 ἐότι
1189 3877 1270 3928 τουτί
1282 3876 1317 3927 τό
1329 3876 1416 3930 κακόν
1430 3877 1446 3929 δ’
1459 3877 1487 3940 μ’
1499 3876 1693 3930 ἀπολώλεκεν·

171 3957 338 4023 ἀπέραντον.
359 3957 492 4009 οὐδέποθ’
503 3955 592 4020 ήμέμα
604 3955 766 4020 γενήσεται;
1031 3953 1206 4019 ὀνειροπολεῖ
1219 3952 1271 4018 γάρ
1285 3953 1329 4004 καί
1342 3953 1488 4005 καθεύδων
1501 3952 1627 4018 ἱππικήν.

172 4035 219 4084 καί
232 4035 286 4099 μήν
300 4033 383 4086 πάλαι
396 4033 423 4096 γ’
434 4033 621 4097 ἀλεκτρυόνος
629 4033 731 4097 .ήκουσ’
743 4030 812 4096 ἐγώ·
964 4031 1021 4080 ΦΕ.
1032 4029 1140 4091 πόσους
1152 4028 1273 4094 δρόμους
1284 4029 1334 4097 ἐλᾷ
1346 4029 1381 4082 τά
1394 4027 1608 4096 πολεμιστήριος

172 4108 199 4161 οί
212 4109 236 4161 δ’
248 4109 351 4162 οἰκέται
363 4109 520 4174 ῥέγκουσιν·
543 4107 606 4160 ἀλλ’
616 4107 668 4160 οῦκ
681 4108 714 4159 ἀν
727 4109 783 4173 πρὸ
795 4111 854 4160 τοῦ.
924 4121 936 4158 ο
964 4107 1019 4156 ΣΤ,
1033 4104 1081 4169 ἐμὲ
1093 4105 1144 4169 μέν
1156 4106 1191 4158 σύ
1205 4107 1329 4168 πολλοὺς
1341 4107 1392 4158 τὸν
1406 4105 1504 4172 πατέρ’
1516 4105 1643 4168 ἐλαύνεις
1655 4105 1782 4171 δρόμους.

171 4183 292 4237 ἀπόλοιο
303 4185 373 4250 δῆτ’,
387 4184 410 4236 ῶ
424 4185 540 4250 πόλεμε,
554 4185 670 4236 πολλῶν
683 4184 794 4246 οὕνεκα,
1030 4181 1100 4246 ἀτάρ
1113 4179 1140 4233 τί
1152 4182 1232 4247 χρέος
1244 4183 1293 4246 ἔβα
1307 4198 1339 4247 με
1352 4183 1422 4247 μετά
1434 4183 1486 4234 τόν
1497 4181 1622 4245 Ποσίαν;
1770 4193 1795 4234 oo

172 4259 217 4312 ὅτ’
228 4259 293 4312 ούδέ
307 4260 404 4313 κολάσ’
416 4258 506 4313 ἔξεστί
519 4275 564 4323 μοι
576 4260 643 4321 τοὺς
655 4257 773 4322 οἰκέτας.
1030 4261 1105 4322 τρεῖς
1118 4261 1183 4322 μναῖ
1195 4255 1342 4323 διφρίσκου
1355 4261 1400 4311 καί
1411 4263 1524 4324 τροχοῖν
1538 4257 1660 4328 Ἀμυνίᾳ.

172 4336 236 4388 ἀλλ’
247 4337 307 4388 οὐδ’
319 4337 334 4389 ό
347 4338 467 4403 χρηστὸς
479 4337 577 4389 ούτοσῖ
588 4334 702 4398 νεανίας
964 4335 1021 4384 ΦΕ.
1035 4333 1125 4396 ἄπαγε
1138 4333 1190 4385 τόν
1201 4331 1292 4386 ἵππον
1305 4333 1431 4396 ἐξαλίσας
1444 4334 1546 4386 οἴκαδε.

171 4411 307 4478 ἐγείρεται
319 4417 370 4479 τῆς
382 4414 492 4477 νυκτός,
505 4413 577 4465 ἀλλὰ
589 4411 718 4477 πέρδεται
964 4411 1019 4460 ΣΤ.
1032 4408 1101 4472 ἀλλ’,
1115 4407 1138 4460 ῶ
1152 4408 1220 4472 μέλ’,
1235 4409 1360 4475 ἐξήλικας
1372 4410 1419 4473 ἐμέ
1430 4411 1456 4473 γ’
1468 4410 1498 4462 ἐκ
1510 4413 1570 4462 τῶν
1582 4411 1667 4476 ἐμῶν,

172 4489 205 4542 ἐν
218 4489 302 4541 πέντε
315 4489 440 4554 σισύραις
452 4487 731 4554 ἐγκεκορδυλημένος.
914 4501 937 4540 ιο
1031 4485 1079 4537 ὅτε
1093 4485 1138 4536 καί
1150 4483 1226 4546 δίκας
1240 4485 1361 4552 ὤφληκα
1379 4485 1490 4551 χᾶτεροι
1502 4485 1588 4538 τόκου

172 4565 236 4618 ἀλλ’
248 4563 273 4617 εί
284 4565 370 4629 δοκεῖ,
382 4565 528 4632 ῥέγκωμεν
541 4564 784 4629 ἐγκεκαλυμμένοι.
1031 4559 1246 4626 ἐνεχυράσεσθαί
1259 4575 1352 4626 φασιν.
1389 4564 1445 4613 ΦΕ.
1458 4561 1696 4630 ἐτεὸν,ῶπάτερ,
1769 4575 1794 4616 ω

171 4639 281 4693 ἀλλὀὐ
295 4640 411 4703 δύναμαι
424 4638 542 4703 δείλαιος
555 4641 645 4694 εύδειν
657 4639 828 4704 δακνόμενος
1031 4637 1058 4689 τί
1071 4637 1260 4700 δυσκολαίνεις
1273 4639 1317 4690 καί
1331 4637 1445 4705 στρέφει
1458 4640 1511 4704 τήν
1523 4639 1603 4704 νύχθ’
1615 4641 1698 4706 ὀλην;

171 4714 231 4768 ὑπὸ
243 4717 294 4780 τῆς
306 4715 432 4783 δαπάνης
445 4719 490 4769 καὶ
502 4720 553 4782 τῆς
565 4715 675 4781 φάτνης
687 4715 732 4767 καί
744 4718 805 4766 τῶν
818 4719 919 4781 χρεῶν,
965 4717 1019 4766 ΣΤ.
1032 4713 1126 4767 δάκνει
1139 4730 1172 4778 με
1184 4714 1325 4781 δήμαρχός
1336 4730 1378 4777 τις
1390 4713 1420 4767 ἐκ
1432 4718 1493 4766 τῶν
1506 4717 1691 4780 στρωμάτων.

172 4790 218 4842 διὰ
229 4793 343 4843 τουτονί
356 4792 409 4844 τὸν
421 4792 491 4844 υἱόν.
515 4792 530 4844 δ
543 4792 573 4844 δὲ
585 4791 676 4856 κόμην
688 4791 763 4855 ἔχων
965 4795 1021 4844 ΦΕ.
1031 4791 1125 4856 ἔασον,
1139 4789 1162 4842 ῶ
1176 4791 1309 4856 δαιμόνιε,
1323 4793 1506 4857 καταδαρθεῖν
1518 4791 1545 4844 τί
1558 4807 1599 4856 με.

173 4865 323 4920 ἱππάζεταί
335 4882 367 4920 τε
380 4869 425 4920 καῖ
438 4867 651 4934 ξυνωρικεύεται
913 4878 937 4919 15
966 4871 1020 4920 ΣΤ.
1034 4867 1068 4919 σὺ
1082 4868 1107 4918 δ’
1118 4865 1169 4919 οῦν
1182 4867 1309 4921 κάθευδε·
1328 4868 1364 4920 τά
1375 4867 1405 4920 δέ
1417 4869 1485 4934 χρέα
1496 4869 1577 4920 τοῦτ’
1589 4868 1644 4922 ἴσθ’
1656 4869 1698 4923 ὀτι

173 4943 350 5006 ὀνειροπολεῖ
361 4945 387 4994 θ’
398 4943 514 5007 ἵππουςι
533 4943 589 5007 ἐγὼ
603 4944 628 4994 δ’
639 4942 806 5008 ἀπόλλυμαι,
1032 4943 1060 5007 ἐς
1072 4944 1126 5008 τήν
1139 4946 1266 5010 κεφαλήν
1279 4943 1392 4998 άπαντα
1402 4945 1456 5010 τήν
1469 4946 1523 5012 σὴν
1534 4945 1674 5012 τρέψεται.
1770 4957 1795 4998 ευ

173 5019 251 5084 δρῶν
264 5017 388 5082 ἄγουσαν
399 5019 454 5084 τὴν
466 5019 589 5086 σελήνην
602 5017 724 5080 είκάδας·
1032 5023 1095 5086 φεῦ.

173 5095 202 5148 ol
214 5095 266 5160 γάρ
277 5095 355 5147 τόκοι
368 5099 515 5162 χωροῦσιν.
539 5095 620 5160 άπτε,
635 5099 694 5160 παῖ,
708 5094 818 5159 λύχνον,
1032 5097 1084 5150 εἴθ’
1096 5097 1185 5163 ὤφελ’
1197 5097 1215 5162 ἡ
1229 5097 1414 5165 προμνήστρι’
1426 5097 1578 5154 ἀπολέσθαι
1591 5105 1693 5168 κακῶς,

174 5172 299 5241 κᾶκφερε
312 5172 346 5225 τὸ
358 5178 553 5238 γραμματεῖον,
566 5172 604 5225 ἵν’
616 5172 729 5236 ἀναγνῶ
743 5171 837 5235 λαβὼν
1032 5175 1092 5238 ῆτις
1104 5187 1137 5238 με
1149 5176 1214 5241 γῆμ’
1226 5175 1313 5241 ἐπῆρε
1325 5176 1379 5240 τήν
1391 5177 1445 5241 σήν
1458 5175 1575 5244 μητέρα·

174 5248 291 5311 ὁπόσοις
303 5247 410 5316 ὀφείλω
425 5251 468 5302 καί
481 5247 634 5313 λογίσωμαι
647 5249 714 5310 τοὺς
726 5247 835 5310 τόκους.
913 5261 938 5300 oo
1032 5249 1091 5313 ἐμοὶ
1103 5250 1156 5316 γάρ
1168 5251 1205 5316 ῆν
1219 5251 1346 5318 ἄγροικος
1358 5252 1471 5316 ῆδιστος
1483 5251 1549 5320 βίος,

174 5325 240 5392 φέρ’
252 5326 312 5392 ῖδω,
325 5327 352 5379 τί
364 5326 487 5392 ὀφείλω;
500 5326 609 5379 δώδεκα
622 5327 690 5388 μνῦς
702 5323 803 5392 Πασίᾳ.
1032 5325 1186 5392 εὐρωτιῶν,
1199 5328 1347 5395 ἀκόρητος,
1361 5327 1422 5394 είκῆ
1434 5329 1569 5395 κείμενος,

173 5406 228 5454 τοῦ
240 5403 349 5455 δώδεκα
361 5407 429 5467 μνᾶς
446 5401 555 5471 Πασίας
566 5399 600 5454 ’τί
612 5401 785 5467 ἐχρησάμην,
1032 5403 1127 5468 βρύων
1140 5402 1279 5466 μελίτταις
1290 5405 1335 5456 καῖ
1348 5403 1498 5468 προβάτοις
1510 5407 1556 5458 καί
1568 5407 1745 5472 στεμφύλοις.
1768 5417 1794 5456 ιτ

175 5479 220 5532 ὅτ’
231 5477 369 5546 ἐπριάμην
380 5480 431 5532 τὸν
445 5478 611 5532 κοππατίαν.
635 5477 708 5542 οίμοι
720 5477 814 5542 τάλας,
1032 5479 1119 5532 ἔπειτ’
1131 5481 1219 5546 ἔγημα
1232 5479 1411 5543 Μεγακλέους
1422 5484 1474 5532 τοῦ
1487 5481 1666 5546 Μεγακλέους

175 5554 230 5608 εἴθ’
240 5555 359 5622 ἐξεκόπη
372 5556 513 5622 πρότερον
525 5557 577 5608 τὸν
589 5553 738 5620 ὀφθαλμόν
751 5553 828 5622 λίθῳ.
1032 5555 1184 5622 ἀδελφιδῆν
1197 5555 1325 5622 άγροικος
1337 5555 1379 5608 ῶν
1392 5556 1420 5610 ἐξ
1434 5555 1552 5626 ἀστεως,

72 5660 260 5676 ...ρ-...ω-
965 5660 1028 5666 -—
1035 5661 1113 5668 -—.

174 5711 218 5760 24.
231 5707 509 5775 ἐξεκόπηΚυείοιιιε]
524 5709 661 5775 ἐξεκόπην
1032 5715 1071 5762 37.
1084 5709 1225 5776 δήμαρχός
1237 5709 1290 5778 τις]
1304 5723 1344 5774 τις
1356 5709 1497 5779 δήμαρχος
1509 5717 1532 5768 V
1546 5714 1656 5780 aliique.
