4272 6596
454 1511 1288 1608 ΑΡΙΣΤΟΦΑΝΟΤΣ
1358 1507 1908 1666 ΒΑΤΡΑΧΟΙ.

772 2122 839 2195 ΤΑ
865 2120 983 2220 ΤΟΤ1
1009 2121 1287 2197 ΔΡΑΜΑΤΟΣ
1336 2121 1587 2197 ΠΡΟΣΩΠΑ

606 2357 776 2416 Ξλποιλε.
1179 2329 1181 2356 “
1228 2363 1374 2414 λιικοΣ.
1699 2387 1701 2390 -

605 2446 803 2497 Διοαυποπ.
1179 2446 1181 2454 ⁴
1229 2447 1445 2498 ουτιπιιπα
1466 2445 1731 2499 ππΡΣπσοπιιΣ.

605 2531 793 2582 nmmum.
1179 2521 1181 2589 ί
1228 2532 1535 2584 Πιναοκκτπνιιι
1553 2530 1646 2583 υτο-

608 2617 763 2669 ιιπκΡοΣ.
1180 2668 1184 2691 ‚
1228 2617 1448 2670 υτπιπιιιππ.

605 2702 736 2752 man.
1181 2751 1182 2763 ,
1228 2701 1431 2754 Ammon.

606 2787 912 2838 πλοικοπιιοπιιλ
929 2786 1134 2838 Βλποικαμ.
1180 2770 1182 2815 ³
1229 2787 1421 2838 πλοτπαιι,

606 2871 729 2921 κοΡοΣ
746 2872 907 2923 πάππου.
1180 2864 1183 2934 ί

1001 3313 1361 3390 ΤΠΟΘΕΣΙΣ.

421 3515 588 3595 Διόνυσός
622 3516 691 3582 ἐστι
723 3519 800 3596 μετὰ
833 3518 1034 3598 θεράποντος
1063 3519 1203 3584 Ξανθίου
1238 3519 1317 3582 κατὰ
1346 3517 1518 3596 Εὐριπίδου
1552 3517 1656 3581 πόθον
1685 3513 1731 3593 εἰς
1753 3515 1871 3581 Ἅιδου
1897 3513 2004 3578 καιιύι·

337 3620 401 3698 ἐχει
423 3622 458 3683 δέ
480 3621 615 3696 λεοντῆν
639 3620 689 3683 καὶ
712 3619 857 3698 ῥόπαλον
880 3623 963 3699 πρὸς
985 3621 1023 3686 τὸ
1046 3625 1115 3698 τοῖς
1138 3621 1391 3701 ἐντυγχάνουσιν
1415 3619 1562 3697 ἔκπληξιν
1584 3617 1748 3696 παρέχειν.
1796 3618 1904 3683 ἐλθὼν
1925 3617 1955 3679 δὲ
1972 3613 2019 3686 ὡς·

336 3722 394 3786 τὸν
416 3723 571 3800 Ἡρακλέα
603 3723 779 3802 πρότερον,
811 3721 865 3788 ίνα
897 3723 1029 3808 ἐξετάσῃ
1057 3723 1096 3787 τά
1123 3725 1202 3788 κατὰ
1229 3725 1288 3802 τὰς
1317 3723 1432 3804 ὁδούς,
1465 3723 1484 3806 ᾗ
1513 3723 1562 3785 καὶ
1590 3719 1690 3797 αύτός
1714 3719 1765 3783 ἐπὶ
1787 3721 1851 3787 τὸν
1875 3719 2007 3798 Κέρβερον

338 3824 456 3908 ᾤχετο,
485 3823 533 3887 καί
563 3823 655 3900 ὀλίγα
681 3823 759 3888 ἄττα
780 3825 852 3904 περὶ
879 3828 944 3889 τῶν
972 3827 1129 3904 τραγικῶν
1152 3827 1258 3910 τούτῳ
1281 3825 1456 3904 διαλεχθείς
1480 3823 1611 3904 ὁρμᾶται
1633 3823 1717 3901 πρὸς
1740 3823 1778 3888 τὸ
1804 3821 2007 3902 προκείμενον.

337 3925 404 3990 ἐπεὶ
426 3927 461 3989 δέ
483 3925 567 4004 πρὸς
590 3931 626 4009 τῆ
650 3926 838 4010 Ἀχερουσίᾳ
856 3927 951 4022 ’λίμνῃ
974 3928 1103 4007 γίνεται,
1126 3927 1145 3991 δ
1167 3929 1223 4006 μέν
1239 3926 1390 4005 Ξανθίας,
1413 3927 1464 3991 διά
1485 3926 1522 3990 τὸ
1545 3927 1585 4005 μὴ
1612 3925 1953 4004 συννεναυμαχηκένυι
1966 3919 2009 3995 τὴν

336 4028 407 4107 περὶ
428 4029 640 4107 Ἀργινούσας
662 4027 854 4108 ναυμαχίαν,
877 4027 941 4093 ύπό
963 4033 1021 4093 τοῦ
1045 4029 1201 4110 Χάρωνος
1224 4029 1282 4094 ούκ
1304 4029 1500 4110 ἀναληφθεὶς
1522 4032 1600 4110 πεζῇ
1619 4028 1678 4104 τὴν
1695 4025 1839 4110 [λίμνην]
1855 4026 1955 4103 κύκλῳ
1967 4039 2009 4082 το·

336 4128 470 4206 ρεύεται.
515 4129 533 4194 ὁ
563 4131 597 4192 δέ
619 4129 788 4209 Διόνυσος
822 4129 881 4195 δύο
910 4130 1039 4211 ὀβολῶν
1068 4135 1270 4214 περαιοῦται,
1299 4130 1511 4209 προσπαίζων
1538 4128 1602 4208 ἅμα
1629 4132 1699 4208 τοῖς
1728 4129 1811 4193 κατά
1840 4129 1902 4194 τὸν
1929 4125 2011 4202 πόρον

336 4231 452 4314 ᾄδουσι
475 4231 645 4313 βατράχοις
668 4233 718 4295 καί
739 4235 980 4308 γελωτοποιῶν.
1016 4235 1092 4313 μετὰ
1114 4235 1213 4300 ταῦτα
1235 4235 1263 4299 δ’
1278 4234 1314 4299 ἐν
1337 4233 1447 4298 ’Ἀιδου
1468 4235 1534 4297 τῶν
1557 4231 1753 4311 πραγμάτων
1777 4231 1843 4310 ἤδη
1867 4221 2011 4309 χειριΖομέ

336 4354 405 4398 νων
434 4329 467 4397 οἵ
496 4353 529 4398 τε
560 4334 675 4412 μύσται
703 4335 896 4415 χορεύοντες
926 4335 941 4418 ἐ
988 4342 1035 4419 τῷ
1063 4338 1227 4417 προφανεῖ
1249 4337 1378 4401 καὶτὸν
1400 4336 1526 4414 Ἴακχον
1549 4333 1684 4416 ᾄδοντες
1708 4332 1743 4396 ἐν
1766 4337 1878 4413 χοροῦ
1902 4331 2012 4410 σχῆμαπ

336 4439 548 4514 καθορῶνται,
572 4434 591 4498 ό
614 4455 648 4500 τε
670 4436 838 4515 Διόνυσος
861 4438 938 4516 μετὰ
959 4441 1018 4501 τοῦ
1041 4438 1242 4517 θεράποντος
1265 4437 1310 4515 είς
1331 4437 1450 4502 ταυτὸν
1473 4437 1596 4515 ἔρχεται
1617 4434 1755 4513 τούτοις.
1803 4441 1877 4500 τῶν
1900 4435 1934 4496 δέ
1953 4447 2012 4506 πθθ

335 4539 532 4616 ηδικημένων
559 4537 623 4602 ὑπὸ
645 4538 839 4617 Ἡρακλέους
862 4540 1159 4618 προσπλεκομένων
1186 4544 1232 4622 τῷ
1255 4538 1413 4620 Διονύσῳ
1441 4539 1492 4602 διὰ
1519 4539 1576 4616 τὴν
1601 4537 1635 4601 ἐκ
1656 4539 1713 4619 τῆς
1737 4541 1865 4616 σκευῆς
1889 4535 2012 4611 άγνοιον,

336 4639 425 4717 μέχρι
452 4641 508 4717 μέν
536 4659 626 4718 τινος
656 4639 714 4703 οὐκ
736 4639 894 4718 ἀγελοίως
917 4641 1131 4720 χειμάζονται,
1160 4640 1228 4706 εἶτα
1251 4640 1358 4719 μέντοι
1379 4661 1415 4716 γε
1439 4640 1485 4720 ῶς
1507 4640 1565 4704 τὸν
1586 4638 1770 4703 Πλούτωνα
1794 4639 1851 4702 καὶ
1873 4639 1932 4716 τὴν
1951 4633 2013 4708 Πεῆ

228 4767 248 4796 ι.
337 4740 503 4820 σέφατταν
525 4741 744 4821 παραχθέντες
773 4740 920 4821 ἀλεωρῆς
942 4742 1169 4822 τυγχάνουσιν.
1215 4742 1250 4807 ἐν
1274 4743 1308 4807 δὲ
1330 4741 1434 4826 τούτῳ
1464 4741 1561 4819 ὁμὲν
1583 4743 1649 4806 τῶν
1672 4747 1809 4819 μυστῶν
1840 4741 1943 4820 χορὸς
1963 4731 2015 4809 πεύ

335 4844 394 4906 τοῦ
422 4843 480 4920 τὴν
507 4843 670 4908 πολιτείαν
698 4843 851 4908 ἐξισῶσαι
879 4845 929 4908 καί
956 4845 1036 4923 τοὺς
1065 4843 1196 4923 ἀτίμους
1225 4843 1371 4923 ἐντίμους
1399 4847 1532 4921 ποιῆσαι
1559 4842 1703 4922 χάτέρων
1731 4845 1838 4908 τινῶν
1868 4841 1951 4922 πρὸς
1973 4835 2014 4910 ῑὴί

336 4943 510 5023 Ἀθηναίων
537 4946 631 5011 πόλιν
660 4945 842 5021 διαλέγεται.
887 4947 926 5011 τὰ
948 4948 984 5009 δέ
1006 4947 1104 5011 λοιπὰ
1125 4951 1183 5010 τοῦ
1206 4945 1367 5025 δράματος
1391 4945 1596 5022 μονόκωλον,
1619 4943 1727 5022 ἄλλως
1756 4946 1794 5008 δὲ
1820 4945 1963 5024 τερπνὴν
1981 4935 2016 5000 καὶ

335 5045 515 5128 φιλόλογον
537 5047 687 5127 λαμβάνει
710 5047 878 5111 σύστασιν.
923 5048 1150 5128 παρεισάγεται
1172 5049 1232 5128 γὰρ
1254 5047 1425 5126 Εὐριπίδης
1447 5045 1596 5128 Αἰσχύλῳ
1619 5047 1691 5126 περὶ
1712 5049 1770 5123 τῆς
1794 5049 1951 5126 τραγικῆς
1969 5045 2016 5104 διο·

335 5148 527 5230 φερόμενος,
551 5150 588 5213 τό
610 5151 667 5228 μὲν
691 5149 874 5230 ἔμπροσθεν
896 5149 1056 5230 Αἰσχύλου
1079 5151 1166 5228 παρὰ
1187 5157 1232 5233 τῷ
1253 5150 1342 5232 Ἅιδῃ
1366 5152 1512 5228 βραβεῖον
1536 5149 1683 5228 ἔχοντος,
1705 5149 1779 5212 τότε
1805 5151 1847 5213 δέ
1871 5145 2017 5225 Εὐριπίδου

334 5253 391 5330 τῆς
413 5253 502 5330 τιμῆς
525 5251 653 5314 καὶτοῦ
675 5255 873 5334 τραγῳδικού
889 5251 1008 5332 θρόνου
1031 5251 1333 5331 ἀντιποιησαμένου.
1369 5251 1596 5330 συστήσαντος
1619 5252 1655 5315 δέ
1676 5254 1735 5314 τοῦ
1747 5251 1959 5326 Πλούτωνος
1978 5241 2018 5308 αὖ·

333 5356 402 5430 τοῖς
429 5353 487 5418 τὸν
511 5353 679 5418 Διόνυσον
707 5353 866 5420 διακούειν
889 5355 1040 5436 ἑκάτερος
1071 5355 1181 5420 αὐτοῖν
1213 5355 1332 5432 λόγους
1359 5352 1504 5430 πολλοὺς
1532 5353 1582 5416 καί
1609 5353 1779 5432 ποικίλους
1812 5355 1965 5424 ποιεῖται,
1982 5343 2018 5408 καὶ

333 5455 427 5531 τέλος
457 5456 562 5520 πάντα
589 5453 723 5534 έλεγχον
750 5459 801 5520 καὶ
828 5459 937 5522 πᾶσαν
967 5456 1112 5536 βάσανον
1142 5455 1201 5520 οὐκ
1228 5455 1393 5533 ἀπιθάνως
1422 5455 1572 5534 ἑκατέρου
1600 5455 1679 5518 κατὰ
1699 5457 1759 5533 τῆς
1782 5457 1930 5536 θατέρου
1949 5449 2017 5523 ταί

335 5572 422 5634 σεως
444 5556 727 5637 προσαγαγόντος,
749 5558 860 5639 κρίνας
883 5559 970 5639 παρὰ
991 5557 1193 5648 προσδοκίαν
1216 5558 1234 5624 ὁ
1258 5559 1427 5636 Διόνυσος
1442 5556 1602 5638 Αἰσχύλον
1624 5558 1726 5633 νικᾶν,
1750 5555 1845 5638 ἔχων
1870 5551 2017 5624 αύτόνὼί

334 5659 411 5739 τοὺς
433 5663 557 5740 ἐῶντας
581 5659 755 5741 ἀνέρχεται.
