4268 6602
929 499 1186 562 ammaon
1203 499 1352 553 ΡΗΣΟΣ.

680 607 887 613 -..-...—.—-.
908 608 964 613 ——.
979 609 984 613 .
1008 609 1047 613 -
1080 607 1271 614 ᾑ-
1294 607 1324 612 —-

707 654 739 720 ἐξ
760 651 798 718 οὑ
821 655 850 728 γ’
872 653 975 731 ἔκρινε
1001 654 1119 732 Κύπριν
1143 653 1353 730 Ἀλέξανδρος
1376 654 1454 716 θεὰν

706 755 814 818 κάλλει
836 756 987 833 προήκειν
1010 759 1068 832 τῆς
1091 755 1168 834 ἐμῆς
1192 754 1370 834 εὐμορφίας

708 857 757 921 καὶ
780 859 858 934 σῆς,
880 855 1015 932 Ἀθάνα,
1038 857 1192 936 φιλτάτης
1216 855 1285 933 ἐμοὶ
1307 860 1401 923 θεῶν,

601 979 605 988 ·
708 959 796 1036 εἰμὴ
820 959 1085 1038 κατασκαφεῖσαν
1108 955 1232 1036 ὄψομαι
1255 956 1351 1020 πόλιν

706 1059 869 1137 Πριάμου,
894 1060 944 1142 βίᾳ
967 1058 1142 1136 πρόρριζον
1165 1058 1413 1137 ἐκτετριμμένην.

376 1159 433 1222 ΙΙΙ.
477 1161 603 1239 Ἕκτωρ
624 1162 694 1236 τοῖς
709 1161 866 1238 Ἕλλησιν
889 1159 1058 1224 ἐπικοιτῶν
1082 1158 1227 1238 ἀκούσας
1251 1158 1370 1236 αὐτούς
1393 1164 1456 1237 πὺρ
1479 1158 1578 1222 καίειν
1601 1159 1760 1238 εύλαβήθη
1775 1161 1816 1238 μή
1833 1160 1991 1239 φύγωσιν.

292 1262 466 1328 ἐξοπλίζειν
489 1263 524 1324 δὲ
546 1261 729 1338 διεγνωκώς
752 1261 811 1338 τάς
834 1260 984 1338 δυνάμεις
1006 1261 1202 1338 μετενόησεν
1217 1259 1343 1324 Αἰνείου
1367 1259 1673 1340 συμβουλεύσαντος
1695 1261 1875 1338 ἡσυχάζειν,
1899 1262 1991 1326 κατά-

292 1381 419 1428 σκοπον
447 1363 483 1425 δὲ
511 1363 700 1442 πέμψαντας
730 1363 773 1425 δι’
802 1361 924 1426 ἐκείνου
957 1363 1017 1440 τήν
1045 1361 1195 1439 ἀλήθειαν
1222 1361 1403 1439 ἱστορῆσαι.
1454 1361 1599 1426 Δόλωνα
1625 1363 1661 1425 δέ
1688 1363 1772 1439 πρὸς
1799 1364 1857 1441 τὴν
1885 1363 1991 1441 χρείαν

292 1465 524 1529 ὑπακούσαντα
557 1464 773 1544 ἐκπέμπεσθαι
807 1512 934 1526 .....
968 1465 1071 1528 τόπον
1105 1462 1150 1540 εἰς
1172 1466 1230 1541 τὴν
1254 1465 1459 1543 παρεμβολὴν
1483 1461 1652 1542 ἀφώρισεν
1676 1462 1774 1546 αύτῷ.
1820 1465 1990 1544 ἐπιφανέν-

291 1569 403 1645 τες,δὲ
426 1566 457 1630 οἱ
478 1566 551 1641 περὶ
572 1564 631 1629 τὸν
648 1565 811 1629 Ὀδυσσέα
833 1565 884 1628 καὶ
898 1564 1042 1628 Δόλωνα
1064 1567 1121 1642 μὲν
1144 1563 1352 1648 ἀνῃρηκότες,
1376 1565 1427 1628 ἐπὶ
1450 1566 1485 1627 δέ
1507 1565 1566 1641 τήν
1582 1566 1741 1642 Ἕκτορος
1765 1568 1989 1643 κατηντηκότες

291 1669 414 1745 σκηνὴν
441 1666 538 1730 πάλιν
567 1666 777 1744 ὑπέστρεψαν
806 1665 867 1743 οὐχ
891 1665 1042 1743 εὑρόντες
1064 1666 1122 1731 τόν
1146 1666 1337 1743 στρατηγόν.
1383 1664 1442 1742 οὓς
1465 1665 1580 1742 Ἀθηνᾶ
1609 1664 1806 1745 ἐπιφανεῖσα
1826 1668 1989 1748 κατέσχεν,

291 1770 341 1833 καὶ
368 1769 427 1832 τόν
455 1769 511 1847 μὲν
534 1769 674 1846 Ἕκτορα
696 1757 846 1830 ἐκέλειίσε
870 1768 910 1846 μὴ
933 1771 1053 1845 ζητεῖν,
1082 1767 1202 1845 Ῥῆσον
1225 1769 1261 1830 δὲ
1283 1766 1425 1844 ἀναιρεῖν
1456 1766 1601 1830 ἐπέταξε·
1643 1766 1701 1831 τόν
1729 1766 1791 1844 γὰρ
1819 1767 1854 1831 ἐκ
1875 1769 1988 1831 τούτου

290 1872 441 1934 κίνδυνον
476 1869 605 1947 μείζονα
637 1867 769 1932 ἔσεσθαι
802 1869 872 1945 τοῖς
903 1869 1074 1945 Ἕλλησιν,
1108 1866 1164 1932 ἐὰν
1198 1869 1316 1952 βιώσῃ·
1356 1868 1484 1945 τούτοις
1517 1868 1553 1930 δὲ
1587 1867 1756 1946 ἐπιφανεῖς
1783 1867 1988 1948 Ἀλέξανδρος

291 2019 576 2034 ..........
622 1969 812 2033 ἐπίστασθαι
840 1969 1004 2046 πολεμίων
1033 1970 1224 2047 παρουσίαν.
1269 1969 1473 2047 ἐξαπατηθεὶς
1496 1969 1532 2032 δὲ
1555 1967 1619 2031 ὑπὸ
1642 1968 1778 2046 Ἀθηνᾶς
1818 1970 1865 2047 ώς
1898 1973 1989 2046 δῆθεν

291 2073 355 2136 ὑπὸ
379 2072 567 2151 Ἀφροδίτης
589 2069 754 2148 ἄπρακτος
777 2068 995 2149 ὑπέστρεψεν
1032 2070 1063 2134 οῖ
1085 2072 1121 2134 δὲ
1143 2071 1215 2148 περὶ
1237 2070 1404 2149 Διομήδην
1427 2071 1653 2150 φονεύσαντες
1677 2069 1796 2147 Ῥῆσον
1820 2071 1989 2150 ἐχωρίσθη-

291 2190 364 2238 σαν.
415 2173 465 2237 καὶ
490 2172 509 2249 ἡ
539 2172 693 2251 συμφορὰ
721 2175 786 2234 τῶν
814 2169 1027 2256 ἀνῃρημένων
1053 2171 1126 2235 καθ’
1155 2170 1235 2236 ὅλον
1263 2170 1339 2248 ἡλθε
1360 2173 1398 2235 τὸ
1422 2169 1613 2250 στράτευμα.
1663 2173 1928 2252 παραγενομένου
1956 2175 1991 2237 δὲ

291 2277 466 2351 Ἕκτορος,
488 2271 544 2336 ἵνα
565 2271 664 2349 αὐτὸς
688 2271 882 2350 περιγίνηται
905 2278 969 2337 τῶν
991 2273 1237 2351 πεπραγμένων,
1261 2273 1461 2351 τετρωμένος
1484 2271 1503 2335 δ
1526 2274 1585 2334 τού
1601 2271 1720 2348 Ῥήσου
1736 2274 1925 2352 ἐπιμελητὴς
1946 2278 1991 2336 δι’
2045 2261 2053 2268 ’

291 2377 392 2441 αὐτού
415 2389 517 2456 φησιν
539 2375 698 2452 Ἕκτορος
721 2373 779 2438 τόν
801 2373 908 2452 φόνον
930 2376 1131 2451 γεγενῆσθαι.
1176 2376 1234 2437 τού
1257 2375 1291 2437 δὲ
1308 2376 1466 2452 Ἕκτορος
1482 2373 1753 2451 ἀπολογουμένου
1768 2377 1827 2454 τὴν
1842 2375 1991 2452 ἀλήθειαν

291 2477 403 2555 αὐτοῖς
431 2476 591 2555 ἐμήνυσεν
619 2475 638 2551 ἡ
666 2477 725 2539 τού
748 2474 875 2551 Ῥήσου·
895 2477 995 2553 μήτηρ
1023 2473 1042 2551 ἡ
1067 2476 1187 2548 Μοῦσα
1209 2475 1325 2552 νεκρόν
1347 2475 1524 2554 κομίζουσα
1545 2475 1583 2538 τό
1607 2481 1711 2552 σῶμα.
1755 2477 1993 2556 κατοδυρομένη

293 2581 328 2643 δὲ
358 2579 409 2643 καὶ
434 2579 493 2642 τόν
522 2576 737 2641 έπιπλακέντα
758 2575 836 2660 αὐτῇ
861 2576 1029 2654 Στρυμόνα
1051 2577 1104 2639 διὰ
1125 2577 1163 2639 τό
1186 2580 1244 2640 τοῖι
1267 2577 1384 2650 παιδός
1404 2577 1526 2654 πένθος
1549 2576 1680 2642 καὶτὸν
1704 2577 1736 2641 ἐξ
1758 2577 1883 2642 ἐκείνου
1905 2599 1994 2654 γεγε·

293 2681 431 2758 νημένον
454 2679 574 2756 Ῥῆσον
597 2678 666 2743 οὐδ’
689 2677 825 2756 Ἀχιλλεῖ
847 2693 948 2756 φησιν
971 2676 1150 2754 ἀδάκρυτον
1175 2678 1307 2741 ἔσεσθαι
1331 2679 1390 2756 τὴν
1413 2677 1593 2759 στρατείαν,
1616 2683 1662 2761 τῷ
1683 2685 1782 2763 κοινῷ
1798 2685 1863 2744 τῶν
1879 2680 1995 2760 ἐπιφα-

293 2785 361 2844 νῶν
384 2779 512 2861 θανάτῳ
535 2781 592 2856 τὴν
614 2777 696 2842 ἰδίαν
719 2779 988 2857 παραμυθουμένη
1012 2779 1124 2855 λύπην.
1300 2795 1305 2798 ·

1008 3001 1162 3012 n—.--....--
1180 3006 1186 3010 .
1209 3007 1216 3010 .

652 3135 781 3188 ΧΟΡΟΣ.
1512 3136 1647 3188 aunan.

364 3203 430 3260 Βὺθι
442 3205 512 3271 πρός
526 3203 610 3266 εύνύις
623 3204 672 3266 τὰς
685 3201 846 3268 Ἑκτορέους

360 3284 403 3342 τλς
415 3281 605 3333 ὑπασπιστῶν
617 3277 760 3344 όγρυπνος
773 3277 921 3343 βασιλέως,
1142 3290 1144 3353 !

362 3358 380 3420 ἢ
393 3355 594 3421 τευχοφόρων,

361 3429 389 3483 οῖ
400 3431 585 3496 τετράμοιρον
598 3429 701 3490 νυκτός
713 3428 841 3494 φρουράν
1142 3428 1144 3495 ί

363 3505 455 3571 πάσης
467 3506 599 3570 στρατιάς
610 3501 811 3573 προκάθηνται.

361 3581 446 3645 ὄρθου
460 3581 589 3644 κεφαλήν
602 3583 695 3644 πῆχυν
708 3579 829 3645 ἐρείσας,

361 3658 449 3709 λθσον
463 3655 614 3720 βλεφάρων
626 3655 780 3720 γοργωπὸν
792 3655 888 3720 ἕδραν,

361 3733 441 3783 λεῖπε
454 3731 592 3796 χαμεύνας
604 3730 858 3796 φυλλοστρώτους,

360 3805 435 3858 δέξαι
447 3822 479 3858 τε
492 3807 567 3859 νέων
581 3805 704 3871 κληδόνα
718 3807 829 3871 μύθων,

360 3881 475 3945 Ἕκτορ·
494 3883 589 3946 καιρός
601 3882 654 3947 γὰρ
667 3883 793 3935 ἀκούσαι.
1104 3895 1129 3933 10

297 4003 360 4010 -ὼ
434 4005 444 4010 -
1142 3958 1144 4025 γ

362 4075 519 4140 Scriptura-e
545 4091 616 4140 pone
641 4074 771 4124 lemmata
796 4077 854 4124 sine
880 4077 1002 4125 auctoris
1021 4077 1144 4126 nomine:

294 4145 400 4211 positae
414 4144 545 4192 librorum
558 4148 623 4192 sunt
635 4143 679 4192 vei
691 4144 808 4192 omnium
821 4142 865 4191 vel
882 4141 1038 4206 meliorum,
1057 4145 1130 4193 inter
1141 4146 1143 4219 j

295 4227 362 4276 quoa
376 4211 498 4260 eminent
509 4209 633 4259 Venetus
646 4209 803 4259 Marcianus
815 4207 941 4274 471.(Μ.)
955 4211 1074 4274 φαῖιιῃιιο
1088 4212 1128 4260 sa·
1141 4246 1143 4287 Ι

294 4280 419 4330 bolarum
431 4277 589 4342 (Hecubae,
608 4277 726 4338 Orestis,
744 4277 965 4340 l’boenieecrum,
978 4279 1127 4328 Androma-

296 4347 373 4408 chae,
386 4343 554 4410 Hippolyti),
568 4345 719 4394 Vaticanus
731 4347 789 4394 909.
803 4343 849 4408 (V)
863 4359 958 4393 novem
972 4345 1127 4395 fabularum

295 4415 447 4476 (Hecubae,
462 4413 578 4474 Orestis,
598 4412 820 4474 Plrocnissarurn,
834 4411 958 4474 Medeae,
972 4412 1127 4477 Hippolyti,
1141 4442 1142 4463 ι

294 4482 453 4544 Alcestidis,
467 4479 683 4542 Andromachae,
698 4479 836 4529 Troadum
849 4484 878 4529 et
889 4477 994 4542 Rhesi),
1008 4481 1128 4530 Parisini

294 4551 369 4598 2712.
384 4547 519 4612 (1)·1713.
534 4544 588 4610 (Β),
607 4549 654 4610 qui
671 4551 775 4612 septem
795 4547 896 4611 primae
914 4546 1026 4596 fabulas
1043 4549 1128 4598 conti-

295 4621 376 4678 nent,
401 4617 435 4664 ab
454 4615 569 4664 Hecuba
592 4629 676 4677 usqne
701 4613 735 4662 ad
754 4613 984 4676 Andromachum,
1010 4614 1143 4680 donique*

294 4683 474 4732 Florentinua
486 4680 745 4745 Laurentianusffl)
759 4681 846 4746 plutei
860 4683 900 4742 32,
912 4683 945 4743 2.,
960 4683 1006 4744 qni
1020 4683 1128 4732 fabulas

296 4749 461 4813 superstites
474 4750 599 4813 exceptis
609 4749 762 4798 Troadibus
776 4764 869 4798 ornnes
883 4749 1015 4800 continet.
1050 4752 1127 4799 Vati·
1141 4767 1143 4799 ι

296 4832 365 4865 cano
383 4815 515 4880 gemellus
533 4821 575 4866 eat
594 4817 728 4866 recentior
740 4815 923 4874 Havniensis,
947 4831 1026 4878 quem
1044 4817 1128 4867 inter-

296 4883 359 4932 dum
373 4884 529 4944 memoravi,
542 4885 705 4948 pracsertim
718 4885 746 4932 in
760 4883 913 4932 fabularum
924 4884 1048 4946 partibus
1058 4901 1127 4948 quae

1141 3189 1144 3275 ¹,
1225 3205 1266 3268 τίς
1280 3205 1335 3268 όδ’;
1355 3205 1371 3270 ή
1386 3203 1478 3270 φίλιος
1491 3203 1630 3267 φθόγγος;
1649 3202 1691 3267 τίς
1704 3203 1789 3270 ἀνήρς

1224 3279 1252 3332 τί
1264 3281 1299 3332 τό
1312 3283 1400 3346 σήμα;
1421 3279 1510 3344 θρόει·

1142 3356 1144 3407 ἶ
1196 3399 1199 3416 ,
1224 3357 1300 3420 τίνες
1313 3356 1344 3409 ἐκ
1357 3359 1470 3408 νυκτῶν
1483 3355 1533 3416 τὰς
1546 3355 1684 3421 ἡμετέρας

1225 3433 1320 3494 κοίτας
1333 3430 1484 3492 πλόθουσ’;
1503 3430 1615 3483 ἐνέπειν
1628 3431 1689 3496 χρή.

1117 3498 1144 3558 ⁵¹
1158 3507 1215 3558 XO.
1225 3507 1350 3571 φύλακες
1362 3509 1501 3571 στρατιᾶς.
1537 3509 1594 3557 ΕΚ.
1607 3503 1634 3556 τί
1647 3505 1726 3571 φέρει
1740 3507 1867 3572 θορύβψ;
1972 3521 1998 3559 ιο

1143 3590 1145 3648 ζ
1158 3583 1215 3632 XO.
1226 3583 1330 3648 θάρσει.
1366 3585 1423 3634 ΕΚ.
1437 3583 1542 3646 θαρσῶ.
1569 3583 1630 3644 μῶν
1642 3579 1683 3642 τίς
1696 3593 1728 3633 σε
1741 3583 1824 3646 φοβεῖ

1143 3680 1144 3691 ι
1225 3657 1309 3723 λόχος
1321 3658 1351 3710 ἐκ
1364 3660 1492 3718 νυκτῶν;
1529 3654 1695 3720 ΧΟ.ούδή.
1730 3657 1940 3723 ΕΚ.τίσύγύρ

1142 3797 1144 3808 Ι
1226 3735 1353 3799 φυλακάς
1367 3733 1516 3799 προλιπὼν
1529 3735 1614 3792 κινεῖς
1627 3733 1761 3797 στρατιὰν

1227 3809 1250 3861 εί
1264 3809 1301 3875 μή
1315 3811 1369 3862 τιν’
1381 3809 1456 3873 ἔχων
1469 3805 1669 3874 νυκτηγορίαν,

1224 3885 1277 3936 ούκ
1290 3885 1374 3937 οἶσθα
1385 3885 1469 3949 δορός
1481 3884 1569 3946 πέλας
1583 3883 1709 3948 Ἀργείου

1224 3959 1322 4024 νυχίαν
1335 3959 1407 4023 ἡμάς

1142 4052 1144 4061 ·
1226 4034 1324 4101 κοίτην
1337 4034 1503 4096 πανόπλους
1515 4034 1702 4096 κατέχοντας;

1159 4111 1215 4160 XO.
1226 4109 1343 4162 ὁπλίζου
1357 4109 1437 4176 χέρα·
1456 4109 1625 4173 συμμάχων,

1223 4185 1339 4249 Ἕκτορ,
1359 4185 1419 4247 βάθι
1433 4184 1504 4249 πρός
1517 4183 1606 4246 εὐνάς.

1224 4261 1345 4326 ότρυνον
1357 4259 1439 4324 ἐγχος
1451 4259 1553 4324 ἀείραι,
1566 4260 1744 4325 ἀφύπνισον·

1224 4336 1318 4398 πέμπε
1330 4335 1431 4399 φίλους
1443 4334 1513 4387 ἰέναι
1527 4337 1593 4387 nori
1607 4337 1659 4389 σόν
1673 4337 1773 4402 λόχον,

1224 4410 1365 4475 ἁρμόσατε
1379 4409 1490 4474 ψαλίοις
1500 4409 1614 4473 λ’ππους.

1223 4484 1265 4547 τίς
1278 4486 1333 4537 εῑσ’
1343 4485 1389 4536 ἐπί
1402 4483 1580 4550 Πανθοΐδαν,

1223 4564 1240 4626 it
1253 4561 1306 4614 τόν
1319 4560 1469 4626 Εὐρώπας,
1489 4559 1601 4612 Λυκίων
1613 4561 1683 4625 ἀγὸν
1696 4561 1823 4625 ἀνδρῶν,

1224 4639 1280 4688 πού
1293 4635 1424 4701 σφαγίων
1437 4637 1548 4702 ἐφόροις
1972 4653 2000 4692 πρ

1224 4713 1279 4764 πού
1292 4711 1322 4764 δέ
1334 4712 1489 4778 γυμνήτων
1504 4709 1652 4776 μόναρχοι;

1222 4786 1374 4852 τοξοφόροι
1386 4801 1418 4839 τε
1431 4790 1553 4852 Φρυγῶν

1223 4864 1354 4926 ζεύγνυτε
1367 4861 1502 4928 κερόδετα
1513 4863 1583 4915 τόξα
1595 4867 1713 4928 νευραῖς.

296 4967 328 5000 cu
339 4952 474 5000 Vaticano
489 4949 657 5002 exciderunt.
687 4951 772 5000 Libro
783 4950 907 4998 Palatino
918 4951 977 5000 287.
989 4949 1033 5014 (Ρ)
1047 4953 1128 5001 valde
1157 4943 1212 4992 HK·
1223 4941 1258 4992 Τὰ
1271 4941 1322 5002 ptv
1334 4938 1476 5003 ἀΐϊέλόέῑί
1487 4937 1595 5004 δείματ’
1607 4937 1732 5000 ἀκούεθ’,

295 5019 464 5082 interpolato
477 5032 543 5067 usus
558 5023 601 5066 eat
612 5017 706 5068 Aldus.
744 5019 785 5067 De
803 5018 845 5066 hie
858 5016 973 5080 aliisque
989 5019 1144 5069 codicibus,

296 5087 400 5134 dictum
412 5085 447 5136 ab
461 5101 502 5134 me
514 5084 1034 5147 inAnnotationibueronieneibua(a.
1043 5086 1128 5150 1839.)
1142 5130 1143 5149 ,

297 5153 350 5202 vol.
365 5157 389 5203 3.
400 5152 686 5217 va111-‹xxv11u
704 5159 732 5201 et
746 5153 774 5202 in
785 5152 906 5202 Praefat.
921 5152 957 5200 ad
969 5153 1127 5216 Scholia-(a.

296 5221 382 5284 1883.)
395 5220 687 5284 v01.1.p.111—xxl.‚
704 5221 738 5270 ab
746 5218 915 5269 Kirehhoifio
928 5219 1009 5269 νο1,1.
1022 5223 1129 5285 plu—-

295 5289 377 5350 XIV,
397 5288 431 5336 ab
445 5287 539 5337 Paleio
552 5288 580 5335 in
594 5287 716 5337 editione
728 5287 901 5338 Londinensi
914 5303 938 5336 α.
954 5291 1025 5338 1880.
1039 5289 1090 5338 vol.
1104 5294 1127 5340 3.
1141 5345 1143 5359 Ι
1157 5325 1220 5374 dese

296 5371 320 5420 p.
335 5355 581 5404 XVII—XXXIV.

363 5422 539 5472 Coniecturie
552 5423 666 5474 editoris
680 5425 762 5476 litera
775 5425 808 5474 D.
824 5430 867 5474 est
879 5425 1016 5489 apposita.

295 5667 335 5716 xit
348 5680 397 5732 pro
409 5661 526 5714 δέξαιτο.

1222 5017 1257 5068 τά
1270 5016 1300 5068 δέ
1312 5016 1473 5082 θαρσύνεις,
1494 5018 1593 5073 κούδέν
1607 5019 1749 5081 καθαρῶς·
1972 5033 2001 5072 aa

1435 5125 1542 5173 23—33.
1555 5141 1589 5167 =
1601 5127 1709 5173 41—51.

1225 5259 1303 5306 16.σε
1316 5255 1398 5318 φοβεῖ
1420 5257 1565 5308 addiditD.
1590 5257 1796 5308 Animadvertit
1812 5258 1897 5309 unius
1914 5259 2000 5323 pedis

1224 5332 1295 5374 ctum
1319 5323 1458 5388 Muenrus,
1486 5327 1534 5375 aed
1557 5327 1656 5376 inscite
1679 5325 1803 5389 explevit
1821 5326 1920 5376 addito
1940 5328 2000 5392 ἠδη

1141 5374 1143 5409 ¹
1157 5397 1219 5456 post
1232 5390 1381 5454 προλιπὼν
1394 5393 1421 5441 in
1436 5393 1478 5442 ed.
1489 5381 1599 5442 Aldina.
1688 5395 1726 5442 17.
1739 5389 1773 5441 ού
1786 5390 1821 5454 δή
1836 5391 1884 5457 D.]
1899 5393 2000 5445 ούκέτι

1223 5461 1263 5508 θθ.
1277 5456 1374 5522 κοίτην
1387 5458 1433 5524 D.]
1448 5456 1545 5510 κοίταν
1636 5463 1678 5510 23.
1691 5456 1847 5520 συμμάχων
1861 5462 2002 5512 Herman-

363 5531 387 5579 9.
401 5527 494 5578 Verba
506 5521 720 5588 δέξαι-μύθων
732 5527 760 5576 in
773 5528 852 5578 libris
865 5531 929 5591 post
940 5525 1129 5592 τευχοφόρων
1141 5520 1143 5539 “
1156 5523 1219 5589 nus]
1234 5524 1388 5590 σύμμαχον,
1402 5528 1461 5576 sine
1475 5528 1699 5595 interpunctione
1713 5531 1775 5592 post
1788 5524 1867 5591 χέρα.
1953 5533 1999 5582 25.

295 5613 321 5651 ν,
335 5600 360 5646 3.
372 5596 447 5644 lecta
460 5593 512 5642 huc
524 5596 694 5658 transposuit
709 5596 851 5646 Nanekius
865 5601 893 5646 et
907 5593 981 5646 δέξαι
993 5609 1025 5646 τε
1039 5611 1128 5645 eorre-
1142 5641 1143 5659 ,
1155 5593 1243 5656 ἀεῖραι
1256 5593 1443 5659 Hermannus]
1458 5591 1560 5658 ἀείρειν
1629 5597 1670 5646 2⁷.
1683 5592 1851 5646 Πανθοΐδαν
1865 5595 2002 5662 Ι),]Παν-

1142 5666 1143 5677 ’
1156 5658 1252 5711 θοίδαν
