4372 6614
270 499 315 563 30
893 497 993 550 vrrs
1021 497 1348 550 snrsrornsnrs.

269 652 357 716 poetie-
375 650 551 718 (praesertim
574 649 793 714 dithyrambicis,
816 663 884 713 quos
906 648 1019 713 saepius
1042 648 1104 698 risit
1132 649 1242 714 φοκλής
1262 649 1292 701 δέ
1314 647 1385 702 αὐτὸ
1406 648 1437 702 ἐκ
1457 652 1509 715 τῆς
1529 648 1600 715 πρὸς
1621 648 1732 702 ἐκεῖνον
1752 640 1964 714 άμίλληςποιεὶ

269 718 490 784 Aristophanes).
515 719 540 770 t.
553 719 586 768 de
602 717 767 782 philosophis.
803 718 828 769 b.
847 717 878 766 de
894 717 1011 778 fatidicis
1029 723 1055 766 et
1072 718 1104 766 de
1132 715 1288 782 σπανιάκις,
1302 717 1441 781 ὥσπερέν
1454 716 1586 781 Ἱππάνψ.
1604 720 1656 784 τῆς
1669 716 1764 781 μέντοι
1777 714 1964 781 παραβάσεως

269 789 302 837 iis
320 789 363 852 qut
379 793 460 836 artem
477 788 587 852 aliquane
601 787 717 850 professi
730 790 798 838 suat.
834 785 877 833 De
891 784 1007 835 Socrate
1024 784 1103 834 cuius
1130 788 1182 848 τῆς
1195 787 1320 850 κωμικῆς
1333 784 1404 836 ἑπτὰ
1417 785 1452 837 ἂν
1465 784 1508 850 εἴη
1522 783 1606 852 μέρη,
1619 785 1783 850 κομμάτιον,
1799 783 1961 904 sustiuerit,

272 855 322 906 sub
336 869 463 918 persona,
478 868 549 918 quae
562 859 674 918 propter
686 867 774 904 mores
783 851 948 917 singulares,
961 855 1103 901 externum
1131 852 1252 917 μακρὸν,
1280 853 1406 917 στροφὴ,
1428 851 1579 919 ἐπίρρημα,
1608 851 1810 918 ἀντίστροφος,
1851 850 1962 916 ντεπίρ-

272 922 397 974 habitum
409 926 437 972 et
453 922 542 986 ipsam
559 920 628 972 adeo
647 921 746 970 taciem
761 919 906 984 aptissima
922 925 984 970 erat
999 934 1103 969 comcs·
1130 934 1212 985 ρημα.
1237 917 1279 972 ὼν
1291 920 1326 972 τὸ
1339 920 1390 983 μέν
1402 919 1555 983 κομμάτιον
1568 921 1709 984 καταβολή
1722 919 1765 983 τίς
1777 919 1837 973 ἐστι
1848 919 1963 984 βραχέος

270 989 348 1052 diae,
372 988 529 1054 philosophi
553 993 581 1038 et
604 989 744 1054 sophistae
767 987 796 1036 in
822 985 948 1038 Nubibus
969 987 1102 1048 ridentur,
1131 987 1245 1052 μέλους,
1263 987 1281 1050 ἡ
1296 987 1326 1040 δέ
1338 987 1493 1053 παράβασις
1506 987 1545 1050 ιίις
1556 989 1590 1040 τὸ
1603 989 1676 1041 πολὺ
1690 988 1740 1051 μέν
1751 988 1782 1040 ἐν
1795 985 1961 1052 ἀναπαίστῳ

271 1057 434 1122 prudentius
452 1072 532 1120 quam
551 1056 600 1106 alii
616 1055 726 1121 plurimi
743 1055 897 1119 disputavit
908 1053 1103 1118 Bernhardyus
1131 1053 1238 1120 μέτρω,
1257 1053 1281 1106 εί
1294 1055 1319 1106 h'
1330 1055 1382 1107 οῦν
1395 1057 1440 1106 καί
1452 1054 1483 1108 ἐν
1497 1055 1590 1122 illm,
1609 1055 1831 1121 retractator
1843 1053 1961 1121 ἐπίκλην

270 1142 296 1191 p.
314 1126 464 1178 bil-blo.
482 1125 633 1174 rectissime
656 1122 781 1173 iudicans
799 1121 891 1172 odium
908 1121 1102 1186 Aristophanis
1130 1122 1193 1186 ἔχει.
1217 1122 1252 1175 τὸ
1270 1122 1301 1175 δέ
1319 1122 1529 1186 ὀνομαζόμενον
1548 1123 1655 1188 μακρὸν
1670 1125 1717 1190 (ab
1731 1125 1794 1175 aliis
1807 1124 1962 1189 grammati·

272 1208 338 1258 erga
352 1192 502 1255 Socratem,
521 1190 594 1256 quod
605 1190 721 1241 dicteria
733 1193 762 1240 in
775 1205 837 1239 eum
850 1191 977 1240 coniecta
988 1189 1103 1239 morosis
1131 1193 1171 1242 cis
1184 1193 1283 1253 πνῖγος
1300 1208 1335 1258 ap
1357 1191 1481 1255 allatum)
1498 1189 1544 1244 ἐπὶ
1561 1195 1596 1257 τῇ
1615 1191 1770 1256 παραβάσει
1783 1189 1869 1256 βραχὺ
1883 1189 1963 1253 μελύ-

272 1261 378 1325 spirere
396 1259 545 1310 videantur
556 1258 715 1318 lectoribus,
733 1272 789 1308 non
800 1258 889 1322 magis
907 1257 994 1307 ullum
1016 1257 1101 1308 luisse
1130 1256 1208 1323 δριόν
1221 1257 1310 1323 ἐστιν,
1330 1209 1468 1310 άλνευστί
1479 1258 1627 1324 ᾀδόμενον.
1651 1263 1686 1326 τῇ
1700 1258 1730 1310 δέ
1742 1262 1854 1324 στροφῇ
1866 1256 1897 1309 ἐν
1909 1257 1962 1308 κώ-

272 1343 354 1393 quum
367 1327 490 1378 Socratis
502 1341 568 1391 erga
579 1323 803 1390 Aristophanem:
822 1326 856 1375 de
870 1340 923 1389 quc
936 1339 1041 1376 omnem
1055 1323 1102 1373 du·
1131 1327 1189 1387 λοις
1199 1341 1254 1391 προ
1273 1323 1371 1393 σθείση
1380 1325 1415 1377 τὸ
1425 1325 1565 1393 ἐπίρρημα
1574 1325 1604 1378 ἐν
1612 1325 1811 1391 τετραμέτροις
1821 1324 1962 1388 ἐπάγεται.

271 1395 435 1446 bitationem
459 1395 553 1446 eximit
576 1393 702 1444 Platonis
727 1391 902 1455 convivium,
927 1392 1000 1456 quod
1025 1392 1102 1442 brevi
1130 1393 1176 1444 καί
1187 1395 1239 1458 τῆς
1250 1341 1442 1460 interponor
1459 1398 1495 1460 τῇ
1508 1398 1620 1461 στροφῇ
1638 1392 1824 1459 άντᾳσθεῖσης
1836 1392 1871 1444 τὸ
1884 1391 1962 1444 ἀντε-

271 1469 335 1529 post
345 1462 438 1515 Nubes
454 1468 574 1526 tempore
591 1461 717 1512 habitum
729 1475 791 1511 esse
804 1459 929 1524 tingitur,
947 1461 976 1510 in
989 1474 1051 1525 quo,
1069 1459 1101 1508 li·
1131 1459 1255 1527 πίρρημα
1271 1463 1434 1514 τελευταίαν
1454 1461 1488 1512 δν
1509 1465 1562 1527 τῆς
1581 1460 1767 1526 παραβάσεως
1789 1461 1847 1514 ἐστί
1864 1459 1961 1526 τετρά-

271 1536 317 1581 cet
333 1530 401 1582 haec
417 1529 557 1580 comoedia
574 1529 687 1579 disertis
703 1529 796 1579 ve'rbis
815 1532 992 1590 memoretur,
1011 1533 1103 1578 tamen
1132 1543 1231 1594 μετρα,
1260 1527 1312 1582 οὐκ
1335 1528 1446 1582 ἐλάττω
1470 1529 1523 1581 τάν
1548 1529 1665 1594 ἀριθμὸν
1688 1532 1741 1581 του
1765 1527 1961 1594 ἐπιρρήματας.

273 1597 403 1650 Socrates
421 1604 448 1646 et
466 1597 665 1661 Aristophanes
682 1603 739 1646 tam
756 1597 843 1646 amice
860 1596 933 1646 inter
950 1611 978 1647 se
991 1610 1103 1646 conver·
1130 1597 1281 1648 Pambotis
1300 1615 1333 1647 ex
1347 1603 1452 1663 septem
1470 1613 1539 1663 quas
1551 1599 1650 1648 Pollux
1668 1599 1822 1649 nominavit
1839 1597 1963 1663 partibus

273 1669 413 1718 santurut
425 1664 459 1714 ds
476 1664 538 1716 odio
556 1663 628 1729 quod
644 1664 738 1714 Nubes
754 1663 871 1714 moverit
887 1667 1014 1714 neutrum
1030 1663 1103 1727 cogi·
1132 1667 1303 1730 compositae
1322 1666 1448 1730 exempla
1470 1666 1645 1730 reperiuntur
1665 1668 1693 1716 in
1710 1665 1864 1730 Equitibus'
1875 1666 1962 1716 498-

271 1739 345 1784 tasse
356 1735 496 1797 appareat.
513 1731 590 1782 Idem
601 1731 658 1782 iere
668 1731 701 1781 de
711 1731 843 1796 Euripide
855 1730 1011 1789 dicendum,
1023 1746 1103 1794 quem
1130 1734 1188 1784 610.
1222 1733 1323 1798 Vespis
1346 1735 1524 1785 loos—1121.
1561 1735 1666 1784 Avibus
1687 1734 1839 1786 ele—800.
1876 1734 1963 1782 Deest

271 1817 326 1852 uon
343 1801 438 1865 paucis
456 1801 485 1850 in
503 1799 606 1850 tabulis
629 1807 657 1848 et
674 1803 864 1864 postmortem
885 1799 955 1849 adeo
971 1800 1001 1848 iu
1017 1797 1103 1848 Bacis
1130 1815 1196 1851 vero
1209 1797 1403 1863 suspiriosis
1416 1800 1638 1851 Acharnensihus
1651 1802 1805 1852 tto-718.
1827 1801 1900 1850 Pace
1914 1801 1962 1850 tte

275 1868 362 1920 omnis
374 1867 484 1932 generis
496 1866 621 1918 dicteriis
630 1866 773 1918 lacessivit
782 1866 982 1932 Aristophanes
992 1870 1105 1931 propter
1131 1869 1190 1920 818.
1226 1868 1517 1933 Thesmophoriuuusis
1537 1869 1688 1920 iso-stt.
1712 1866 1962 1932 prosperitatibus

270 1940 358 1986 artem
376 1935 513 2000 tragicam
534 1937 569 1985 ab
592 1951 624 1985 eo
645 1938 814 1999 corruptam,
836 1936 902 1985 licet
917 1936 989 1984 hene
1007 1938 1104 1984 nosset
1131 1937 1265 1986 olo-526
1278 1935 1320 2000 (in
1333 1951 1386 2000 qua
1399 1937 1530 2001 perthesi
1543 1937 1718 1986 memorabile
1730 1942 1772 1986 est
1785 1951 1834 2000 pro
1845 1950 1962 2000 anapae-

269 2018 323 2054 non
337 2002 422 2054 solius
434 2002 578 2067 Euripidis
590 2002 662 2052 hanc
675 2002 784 2068 culpam
797 2018 866 2054 esse.
1131 2003 1209 2053 sticis
1219 2005 1387 2054 tetrametris
1397 2019 1493 2053 versus
1504 2019 1565 2054 esse
1576 2000 1875 2069 positosEupolideos),
1884 2015 1963 2067 στρο-

320 2073 445 2122 Exterua
456 2069 657 2121 comoediarum
669 2071 758 2120 icnna
771 2085 839 2135 quas
852 2069 998 2135 postremis
1011 2069 1102 2119 decem
1131 2071 1172 2134 φὴ
1187 2074 1215 2120 et
1226 2068 1401 2135 ἀντιστροφή
1420 2071 1448 2120 in
1462 2071 1579 2121 Thesmo
1599 2071 1765 2133 horiazusis,
1784 2067 1922 2135 ἐπίρρημα
1935 2076 1964 2119 et

270 2139 328 2190 sere
341 2140 422 2188 annis
435 2137 629 2203 Aristophanis
642 2139 809 2189 mutationes
828 2137 945 2189 subierit
962 2152 1047 2202 supra
1060 2143 1104 2188 est
1131 2135 1322 2203 άντεπίρρημα
1340 2139 1369 2188 ῖιι
1384 2139 1473 2202 Pace,
1490 2088 1683 2203 άντεπέρρημα
1695 2140 1724 2188 in
1736 2138 1962 2203 Thesmophoria-

271 2206 435 2272 aapositum,
448 2206 496 2258 uhi
505 2205 538 2255 ds
550 2205 680 2270 choragia
691 2205 850 2258 dicebamus
862 2205 921 2255 illis
934 2205 1104 2270 temporibus
1131 2207 1213 2268 rusie,
1232 2203 1394 2269 κομμάτιον,
1413 2204 1567 2271 παράβασις
1579 2211 1608 2256 et
1621 2205 1728 2269 μακρόν
1740 2206 1769 2255 in
1780 2205 1867 2256 Ranis
1880 2207 1961 2256 ott—

271 2273 352 2324 ralde
375 2273 468 2324 accisa
489 2277 518 2322 et
538 2272 656 2338 denique
681 2271 799 2325 sublata.
837 2275 897 2337 Quo
919 2273 996 2322 iacto
1021 2272 1104 2322 etiam
1132 2275 1189 2324 ibi.
1211 2274 1398 2338 Lysistratam
1411 2274 1541 2339 parabasi
1555 2290 1648 2324 carere
1662 2273 1854 2338 voluitpoeta,
1868 2274 1898 2322 in
1909 2273 1961 2324 Εα-

270 2341 421 2392 Parabasis
434 2340 558 2391 tollentia
571 2346 639 2403 erat,
652 2356 723 2404 qnae
735 2341 882 2406 splendida
896 2341 988 2390 inerat
999 2355 1104 2391 comoe-
1132 2341 1291 2393 olesiaausis
1309 2345 1338 2391 et
1355 2341 1435 2392 Pluto
1458 2342 1602 2406 parabasis
1621 2347 1733 2406 propter
1753 2341 1912 2392 imminutas
1929 2355 1963 2390 ea

270 2410 332 2460 diae
353 2409 458 2460 veteris
479 2423 558 2473 pars,
580 2409 739 2474 plerumque
756 2409 786 2459 iu
802 2409 892 2460 media
913 2409 972 2459 iere
989 2406 1104 2458 fabulae
1131 2413 1225 2459 aetate
1243 2408 1321 2458 chori
1337 2414 1431 2473 partes
1444 2409 1520 2459 nulla
1534 2414 1583 2460 est.
1612 2409 1787 2474 Deorigine,
1806 2408 1963 2460 consilioet

270 2481 351 2542 parte
364 2477 483 2538 inserta,
500 2477 530 2525 iu
542 2490 596 2540 qna
608 2475 706 2526 chorus
719 2476 757 2526 ad
768 2481 944 2542 spectatores
954 2491 1103 2528 conversus
1132 2477 1328 2541 compositione
1341 2474 1526 2540 παραβάσεως
1544 2491 1615 2540 quae
1633 2478 1685 2526 viri
1699 2477 1775 2526 docti
1787 2475 1963 2540 disputarunt

270 2543 356 2609 (quod
368 2543 526 2608 παραβῆναι
539 2541 609 2608 πρὸς
625 2542 659 2594 τὸ
672 2542 795 2608 θέατρον
808 2543 963 2606 dicebatur)
981 2543 1105 2609 longiore
1132 2545 1259 2609 exposuit
1276 2544 1392 2610 Aghtius
1409 2548 1438 2593 in
1455 2543 1526 2594 libro
1549 2545 1582 2593 dc
1601 2544 1731 2609 parabasi
1748 2542 1865 2594 Altonae·
1887 2543 1963 2592 edito

269 2627 409 2674 sermone,
427 2616 512 2662 cantu
530 2611 729 2676 antistrophico
745 2613 923 2677 interposito,
944 2617 1043 2676 poetae
1056 2627 1103 2661 uo·
1132 2627 1191 2661 oum
1204 2611 1358 2676 appendice
1373 2627 1397 2665 a.
1413 2611 1486 2661 1866.
1506 2618 1534 2660 ct
1547 2612 1620 2664 1868.
1639 2613 1696 2661 suis
1712 2611 1801 2676 ipsius
1814 2616 1895 2661 aucta
1907 2611 1965 2675 cpi·

270 2679 344 2728 mine
358 2679 392 2730 dc
408 2679 487 2729 rebus
504 2693 585 2744 quum
597 2680 716 2744 publicis
734 2686 790 2730 tum
803 2686 902 2744 poetae
919 2680 1007 2744 ipsius
1018 2678 1104 2729 verba
1131 2679 1269 2742 niouibus,
1282 2679 1354 2730 iuter
1366 2694 1435 2745 quas
1447 2679 1594 2730 nonnullae
1609 2687 1672 2730 sunt
1685 2693 1754 2743 quae
1767 2694 1822 2729 non
1837 2679 1964 2730 videntur

271 2747 403 2798 iaciebat.
438 2748 576 2798 Dixorunt
597 2746 630 2796 de
655 2747 707 2796 hac
725 2752 804 2811 parte
821 2747 924 2798 veteris
947 2739 1104 2797 comoediae
1131 2747 1242 2812 probari
1254 2761 1344 2812 posse.

271 2813 370 2866 Pollux
385 2816 415 2876 4,
435 2816 491 2864 111.
527 2814 699 2879 Hephaestio
720 2831 743 2864 c.
761 2817 799 2865 14.
822 2813 876 2865 νοί.
892 2818 914 2864 1.
937 2830 963 2878 p.
984 2815 1040 2864 134.
1061 2813 1103 2863 ed.
1182 2815 1224 2864 De
1245 2814 1326 2864 choro
1348 2815 1395 2880 qui
1415 2815 1444 2864 in
1462 2815 1618 2878 comoedia,
1641 2822 1716 2864 certe
1734 2829 1820 2880 usque
1838 2814 1872 2864 sd
1893 2813 1963 2864 illud

274 2882 364 2934 Gaias.
375 2897 448 2945 see,
467 2882 663 2947 grammaticus
680 2884 709 2932 in
726 2883 864 2947 excerptis
876 2881 940 2945 περί
957 2877 1105 2945 κωμῳδίας
1130 2887 1239 2948 tempus
1252 2897 1304 2946 quo
1317 2882 1447 2948 choragia
1460 2884 1588 2946 cessavit,
1602 2899 1635 2933 ex
1647 2883 1750 2948 viginti
1762 2887 1893 2947 quattuor
1904 2897 1965 2947 per·

271 2965 342 3014 quas
353 2949 520 3001 Scholiorum
533 2949 574 3000 eti.
583 2948 671 3000 Oxou.
684 2950 738 3000 vol.
751 2953 773 2999 1.
786 2951 860 3014 pto.
870 2952 909 2999 21.
924 2949 1063 3014 praemisi,
1076 2955 1105 3000 et
1131 2949 1206 2999 sonis
1220 2949 1347 3000 constitit
1358 2977 1391 2986 -
1402 2949 1435 3000 de
1448 2965 1501 3016 quo
1513 2952 1661 3000 multorum
1675 2954 1785 3001 constat
1798 2950 1965 3000 testimoniis

271 3016 439 3068 scholiastae
455 3017 650 3083 Aristophanis
672 3018 742 3068 locis
758 3016 883 3083 pluribus
905 3018 940 3067 ab
958 3016 1104 3068 Gaisicrdo
1133 3022 1161 3067 et
1172 3018 1260 3082 ipsius
1273 3017 1465 3083 Aristophanis
1483 3019 1512 3068 iu
1529 3019 1633 3069 Avibus
1650 3035 1674 3068 v.
1692 3017 1782 3080 hilf)
1799 3017 1847 3068 ubi
1864 3017 1964 3082 viginti

271 3085 300 3134 in
313 3085 495 3136 annotatione
508 3085 649 3136 iudicatis.
684 3087 804 3148 Quorum
816 3085 884 3136 satis
897 3085 950 3135 erit
962 3099 1045 3134 unum
1057 3100 1105 3150 ap·
1132 3090 1263 3150 quattuor
1280 3084 1356 3135 chori
1376 3100 1443 3136 aves
1465 3091 1659 3136 enumerantur
1675 3091 1753 3136 —et
1770 3085 1804 3135 de
1827 3088 1965 3150 apparatu

274 3153 399 3218 posuisse
420 3152 543 3205 Pollucis
563 3152 666 3214 locum,
692 3168 759 3218 prae
782 3153 883 3202 ceteris
900 3151 1104 3203 memorabilem
1133 3153 1244 3203 scenico
1261 3167 1316 3202 nou
1334 3169 1403 3218 opus
1421 3158 1464 3203 est
1481 3157 1511 3203 ut
1530 3169 1600 3219 quae
1618 3153 1723 3220 pridem
1741 3154 1776 3204 ab
1795 3151 1965 3203 aliismultis

273 3219 505 3286 proptereaquod
523 3221 613 3272 simile
626 3220 691 3284 quid
708 3223 805 3272 eontra
821 3235 922 3270 morem
938 3223 1104 3284 tragicorum
1134 3221 1260 3285 exposita
1276 3226 1340 3270 sunt
1356 3221 1408 3271 hoc
1424 3220 1485 3270 loco
1506 3225 1643 3286 repetam,
1667 3237 1748 3287 quum
1765 3219 1966 3285 Aristophanes
1997 3265 2002 3272 .

272 3313 305 3322 -
318 3303 383 3341 nam
398 3288 549 3338 Parabesis
564 3288 675 3353 propriu
692 3293 736 3338 est
751 3287 910 3338 comoediae
922 3313 955 3324 --
972 3288 1006 3337 ab
1026 3288 1104 3337 Buri·
1133 3289 1162 3337 in
1179 3287 1230 3338 hoc
1247 3303 1348 3352 genere
1366 3289 1413 3340 vix
1432 3288 1580 3353 quidquam
1595 3291 1654 3355 ipse
1671 3289 1811 3339 invenisse
1829 3287 1964 3350 videatur,

274 3354 352 3420 pide,
366 3354 449 3420 idque
462 3353 492 3405 ἐν
504 3354 622 3416 πολλοῖς
633 3354 770 3419 δράμασιν
785 3354 870 3418 adeo,
884 3363 912 3407 et
925 3357 960 3407 ah
973 3355 1105 3421 Sophocle
1133 3356 1182 3405 sed
1194 3356 1314 3420 priorum
1326 3361 1469 3419 poetarum
1483 3357 1610 3422 exempla
1622 3357 1660 3407 sit
1671 3357 1806 3406 imitatus.
1834 3356 1867 3405 ln
1879 3355 1966 3405 unde-

273 3420 420 3484 σπανιάκις
437 3424 543 3474 factum
560 3438 622 3474 esse
642 3424 742 3482 refert,
766 3423 838 3489 quod
856 3423 936 3489 quale
955 3424 1039 3473 fuerit
1057 3439 1104 3473 ne·
1134 3424 1186 3488 cim
1211 3437 1281 3487 quae
1305 3429 1453 3489 supersunt
1476 3423 1669 3489 Aristophanis
1698 3423 1801 3474 fabulis
1830 3423 1965 3488 quomodo

272 3490 381 3553 scimus,
395 3505 478 3555 quum
495 3497 629 3555 excerpta
640 3491 717 3542 nulla
734 3489 923 3556 apposuerit*)
942 3496 972 3542 et
987 3491 1057 3541 illud
1073 3488 1106 3542 ἐν
1133 3506 1217 3540 scena
1238 3490 1374 3541 adornata
1399 3492 1484 3542 fuerit
1509 3493 1554 3556 qui
1576 3493 1666 3542 animo
1691 3492 1841 3542 informare
1868 3491 1965 3540 solunt

272 3557 389 3618 πολλοῖς
401 3556 545 3623 δράμασιν,
559 3559 632 3625 quod
641 3575 752 3624 prorsus
761 3559 924 3610 incredibile
938 3563 990 3621 est,
1005 3559 1104 3609 erroris
1133 3573 1187 3608 nou
1200 3559 1259 3608 sine
1272 3559 1367 3609 fructu
1382 3559 1413 3612 Ε.
1425 3561 1564 3624 Drcyseni
1578 3559 1742 3620 Quaestiorres
1761 3561 1793 3609 de
1811 3559 1965 3621 Aristopha-

274 3625 456 3691 suepicionem
474 3633 596 3678 moveat:
619 3626 690 3692 quod
706 3626 902 3691 Bernhardyus
919 3642 1026 3692 quoque
1043 3641 1105 3676 scn—
1133 3628 1172 3676 m‘s
1195 3642 1224 3675 re
1240 3632 1343 3676 scenica
1360 3626 1478 3676 adibunt
1497 3627 1609 3678 Bounae
1631 3628 1723 3677 editas
1744 3643 1768 3676 a.
1787 3627 1860 3678 1869.
1883 3631 1911 3675 et
1931 3625 1966 3674 de

271 3693 343 3744 sisse
363 3693 475 3744 videtur
493 3711 518 3760 p.
532 3697 590 3746 397.
626 3693 672 3746 Sic
688 3695 774 3761 igitur
794 3694 892 3745 scribit
912 3694 1023 3756 Pollux,
1044 3695 1106 3744 τῶν
1132 3693 1259 3758 partibus
1276 3693 1350 3744 inter
1365 3694 1514 3746 histriones
1532 3694 1687 3745 distributis
1709 3694 1738 3743 0.
1756 3693 1849 3744 Beerii
1866 3693 1966 3743 librum

271 3759 302 3810 δέ
313 3763 436 3825 χορικῶν
452 3759 589 3825 ᾀσμάτων
605 3763 665 3812 τῶν
682 3763 815 3825 κωμικῶν
831 3761 862 3812 ἐν
878 3775 906 3812 τι
917 3761 962 3812 καί
979 3761 997 3824 ἡ
1016 3759 1106 3826 παρά·
1133 3761 1231 3824 (deber
1248 3763 1290 3810 die
1309 3761 1373 3812 Zalrl
1390 3764 1438 3813 der
1449 3761 1629 3827 Schmrspieler
1647 3763 1688 3812 hei
1699 3760 1898 3826 Aristophanes)
1917 3761 1965 3824 qui

272 3828 359 3891 βασις,
378 3827 448 3879 ὅταν
461 3826 479 3878 ἃ
492 3827 508 3879 ὁ
521 3829 639 3892 ποιητὴς
652 3829 723 3894 πρὸς
734 3827 769 3879 τὸ
786 3827 906 3893 θέατρον
919 3828 1048 3891 βούλεται
1060 3827 1106 3880 lt·
1133 3829 1246 3893 Lipsiae
1259 3828 1362 3894 prodiit
1375 3845 1398 3879 a.
1414 3831 1487 3880 1844.
1511 3828 1586 3880 ldem
1603 3829 1744 3880 demetria
1761 3828 1918 3886 dicendum,
1935 3829 1965 3876 in

270 3909 330 3957 γειν
349 3895 364 3946 ά
381 3893 467 3959 χορὸς
488 3895 640 3960 παρελθὼν
657 3895 733 3962 λέγῃ,
768 3895 896 3957 ἐπιεικῶς
913 3896 938 3947 δ’
955 3895 1026 3948 αὐτὸ
1044 3911 1106 3948 ποι·
1134 3897 1233 3961 quihus
1249 3897 1319 3961 ipsis
1336 3911 1443 3960 qnoque
1461 3897 1676 3962 Aristophanes,
1693 3902 1825 3963 quantum
1842 3911 1875 3945 ex
1891 3896 1966 3960 prio-

272 3965 353 4016 οδσιν
365 3962 393 4014 ol
405 3961 658 4027 κωμῳδοποιηταί,
677 3963 811 4028 τραγικὸν
828 3963 859 4016 δέ
871 3962 924 4016 οὐκ
935 3962 1026 4016 ἔστιν·
1045 3963 1107 4016 ἀλλ’
1133 3979 1191 4013 rum
1209 3969 1237 4013 et
1254 3964 1411 4029 aequalium
1429 3966 1592 4015 comicorum
1609 3964 1772 4030 fragmentis
1788 3963 1907 4028 intelligi
1919 3978 1966 4027 po-

228 4057 230 4060 ·
275 4027 422 4095 Εὺριπίδης
443 4029 515 4082 αὐτὸ
537 4028 693 4095 πεποίηκεν
713 4030 745 4083 ἐν
762 4032 879 4092 πολλοῖς
899 4031 1043 4096 δράμασιν.
1075 4031 1106 4082 ἐν
1133 4035 1202 4095 test,
1219 4032 1267 4080 vix
1284 4031 1432 4098 quidquam
1449 4047 1566 4083 novasse
1582 4031 1706 4095 videtur,
1725 4047 1776 4081 nec
1793 4030 1866 4096 quod
1877 4035 1966 4080 metra

274 4096 325 4158 μέν
337 4113 370 4161 γε
382 4101 417 4164 τῇ
430 4096 530 4164 Δανάῃ
542 4096 595 4148 τὸν
611 4097 698 4162 χορὸν
713 4097 764 4160 τάς
780 4102 913 4161 γυναῖκας
929 4097 1000 4164 ὑπὲρ
1017 4099 1105 4152 αὑτοῦ
1134 4099 1283 4148 carminum
1302 4114 1318 4148 a
1333 4100 1415 4151 choro
1428 4104 1601 4150 cantatorum
1617 4105 1674 4150 tam
1688 4113 1785 4150 severa
1797 4099 1859 4163 lege
1872 4103 1966 4148 tenta-

271 4178 299 4214 τι
316 4164 437 4230 ποιήσας
454 4165 603 4230 capacem,
627 4164 815 4229 ἐκλαθόμενος
838 4165 877 4228 ως
894 4165 996 4231 άνδρας
1014 4166 1106 4229 λέγειν
1135 4181 1186 4232 que
1201 4172 1262 4216 arte
1275 4171 1340 4217 sunt
1356 4166 1514 4230 elaborata,
1532 4173 1563 4217 ut
1579 4167 1744 4231 Aeschylais
1760 4171 1787 4216 et
1804 4165 1966 4231 Sophocleis

271 4229 387 4298 ἐποίησε
398 4237 442 4300 stit
455 4232 576 4298 σχήματι
589 4234 640 4296 τῆς
653 4233 756 4296 λέξειιις
768 4233 819 4296 τάς
830 4239 972 4298 γυναῖκας.
998 4235 1044 4287 καὶ
1054 4233 1104 4288 Σο-
1134 4234 1308 4300 aequiparari
1320 4236 1443 4301 possint,
1461 4237 1601 4300 proprium
1613 4234 1792 4299 Aristophani
1804 4234 1867 4283 fuit.
1895 4233 1966 4282 Nam

1133 4303 1163 4352 iu
1174 4301 1339 4367 fragmentis
1357 4308 1433 4354 certe
1447 4303 1567 4365 Cratini,
1585 4303 1730 4368 Eupolidis
1748 4307 1776 4351 et
1787 4300 1966 4352 Pherecratio

323 4411 336 4440 „
493 4417 499 4429 ,
580 4417 585 4429 ,
716 4419 721 4430 ,
753 4418 759 4430 ,
1133 4368 1203 4419 nihil
1216 4375 1258 4419 est
1272 4385 1303 4419 ex
1318 4385 1370 4435 quo
1384 4370 1478 4436 colligi
1490 4371 1579 4436 possit
1591 4370 1737 4421 inferiores
1755 4385 1802 4420 ecs
1813 4368 1866 4420 hoc
1878 4369 1906 4417 in
1919 4383 1967 4433 ge·

338 4417 347 4479 )
366 4417 500 4467 Parahasr
518 4431 682 4469 comicorum
699 4417 803 4470 srmrlss
820 4423 885 4472 suut
902 4434 998 4470 versus
1018 4425 1105 4473 metro
1133 4451 1200 4486 nm
1213 4437 1299 4488 fuisse
1313 4439 1505 4504 Aristophane·

272 4483 427 4548 Eupolideo
439 4485 537 4550 scripti
555 4499 624 4548 quos
642 4501 676 4534 ex
689 4485 898 4550 Astydamantis
915 4487 1031 4538 iunioris
1044 4487 1104 4539 dra-

273 4557 346 4601 mate
360 4553 480 4616 satyriec
494 4551 590 4605 attulit
603 4552 764 4609 Athenaeus
777 4555 817 4606 10.
827 4571 854 4620 p.
864 4557 921 4605 411.
935 4539 1104 4620 cariosam
1131 4557 1283 4566 ....-

272 4615 389 4669 δείπνου
401 4618 548 4683 γλαφυροῦ
560 4617 692 4685 ποικίλην
705 4617 828 4684 εὐωχίαν
843 4619 847 4686 ί
862 4619 914 4671 τὸν
927 4622 1049 4686 ποιητὴν
1063 4622 1104 4676 δεῖ
1183 4621 1210 4688 *)
1228 4625 1287 4675 Ηοο
1300 4623 1496 4675 animadvertit
1514 4624 1681 4687 scholiasta,
1699 4621 1756 4674 άπὸ
1768 4620 1873 4674 τούτου
1886 4621 1903 4684 ἡ
1917 4636 1966 4672 κα-

271 4683 403 4751 παρέχειν
419 4689 479 4748 τοῖς
495 4688 607 4749 θεαταῖς
623 4686 675 4738 τὸν
688 4686 794 4752 σοφὸν,
810 4687 815 4752 Ι
829 4685 867 4739 l'v’
879 4687 946 4756 άπίῃ
964 4703 1006 4750 τις
1016 4694 1104 4743 τοῦτο
1117 4724 1119 4753 ,
1131 4689 1296 4772 ταρῖθμησις
1311 4693 1372 4742 των
1390 4688 1429 4752 είς
1450 4689 1502 4742 τὸν
1519 4691 1605 4810 χοῖδν
1626 4689 1837 4742 συντεινόντων
1853 4688 1966 4754 aposth-

270 4751 374 4816 φαγιίιν
387 4753 432 4804 καί
444 4752 519 4806 πιὼν
532 4754 610 4820 ᾧπερ
623 4754 719 4818 λαβὼν
734 4754 739 4821 Ι
754 4752 842 4821 χαίρει
857 4770 900 4818 τις
912 4756 958 4808 καί
970 4757 1104 4810 σκευασία
1117 4758 1119 4769 “
1132 4773 1197 4809 πων
1210 4758 1259 4820 κδ,
1278 4758 1309 4810 ἐν
1326 4761 1450 4823 περιττῷ
1468 4759 1545 4823 ληφθ
1560 4771 1639 4810 ντων
1653 4760 1714 4809 τῶν
1731 4754 1964 4823 προκατειλεγμέ-

271 4821 308 4885 μὴ
322 4817 362 4881 μί’
373 4821 390 4884 r]
403 4821 455 4885 τῆς
468 4824 609 4887 μουσικῆς.
1117 4776 1119 4885 ί
1132 4840 1201 4881 νων.
1226 4825 1285 4878 obi
1297 4825 1427 4891 τραγικὸς
1440 4818 1472 4878 ιε’
1484 4825 1627 4891 πρόσωπα
1639 4825 1703 4890 ἔχει.
