4372 6614
860 463 961 516 vrrs
990 463 1211 520 snscnrur.
1857 469 1876 534 γ

193 619 330 684 temporis
346 615 423 669 nulla
445 617 531 668 inisse
546 617 712 668 Plutarchus
728 617 799 668 dixit
818 618 847 666 in
866 618 932 668 Vite
949 616 1025 668 Solo·
1052 623 1218 668 memoratur
1234 619 1319 669 Suida
1334 620 1430 685 paucis
1451 621 1495 672 his
1511 622 1603 672 verbis
1624 621 1658 684 (s.
1675 637 1701 673 ν.
1719 620 1876 686 Φρύνιχος),

194 685 275 736 nise.
287 688 329 736 tt.
1051 683 1097 736 καί
1119 685 1203 737 nutis
1225 684 1289 750 ἔσχε
1306 686 1439 750 τραγικὸν
1459 685 1699 756 Πολυφράδμονα,
1723 690 1877 742 fabularum

246 752 380 820 Thespidi
392 752 525 819 aequalis,
539 755 591 804 etei
603 757 696 804 aetate
709 753 801 818 paullo
813 753 900 804 minor
913 752 1023 804 Choeri·
1051 758 1142 803 entem
1159 755 1195 804 ab
1215 769 1247 804 eo
1264 756 1427 821 scriptarum
1443 771 1477 807 ue
1489 771 1546 807 ena
1557 757 1666 822 qdidem
1683 759 1795 822 cognita
1807 765 1877 823 erat,

194 819 240 872 lus
253 821 317 872 tuit.
351 823 431 871 Hunc
450 822 604 888 olympiade
616 823 657 871 64.
674 821 799 872 καθεῖναι
815 817 854 882 είς
870 818 983 884 ἀγῶνας
996 827 1024 872 et
1052 820 1140 872 donec
1151 821 1281 888 Aeschyli
1298 824 1406 890 Septem
1423 824 1459 874 ad
1475 824 1585 876 Thebas
1598 825 1710 876 fabulae
1723 826 1877 878 didascalia

193 889 328 940 victorias
344 895 501 955 reportasse
518 889 650 941 tredecim
671 886 1024 953 aecclesiasticarum
1052 889 1877 958 excodiceMedlceoa.1848.reditaPolyphredmonislllius
1958 941 1961 949 .

193 963 360 1008 eunomium
377 963 433 1022 est,
453 959 499 1023 qui
516 958 639 1008 dramata
656 957 682 1008 ei
693 957 791 1008 tribuit
804 958 860 1008 160.
877 957 1023 1008 manifesto
1051 955 1240 1021 Λυκούργειαν
1252 955 1445 1023 τετραλογίαν,
1462 966 1553 1024 actam
1566 961 1666 1027 olymp.
1680 964 1725 1023 ts,
1740 965 1778 1024 1.,
1790 964 1819 1012 in
1836 961 1877 1011 ln·

194 1025 256 1076 sive
269 1027 357 1092 ipsius
370 1024 471 1076 Snidae
485 1027 543 1076 sive
557 1025 662 1076 librarii
672 1040 771 1076 errore.
794 1024 870 1076 Idem
883 1040 904 1078 a.
911 1040 937 1074 v.
946 1022 1023 1089 Πρα-
1051 1041 1110 1074 cem
1123 1025 1268 1090 proferret.
1302 1029 1424 1092 Apparet
1442 1043 1476 1078 ex
1488 1028 1532 1078 his
1543 1043 1666 1080 mancam
1683 1028 1759 1079 illam
1778 1029 1811 1079 de
1828 1045 1875 1080 no-

192 1091 274 1154 τίνας
283 1095 353 1144 haec
362 1092 456 1156 tradit,
469 1094 587 1160 ποιητὴς
598 1089 762 1158 τραγῳδίας.
779 1090 1024 1157 αντηγωνίζετοδὲ
1051 1109 1110 1143 vem
1126 1093 1226 1144 tabulis
1237 1095 1406 1145 notationem
1424 1095 1524 1146 Saldae
1540 1111 1594 1147 noa
1610 1097 1738 1148 sufficere
1754 1097 1789 1148 ed
1806 1097 1876 1148 inst-

193 1158 327 1228 Αίσχίιλιρ
343 1175 375 1211 τε
393 1160 438 1212 καί
450 1158 567 1227 Χοιρίλῳ
585 1160 632 1212 ἐπί
647 1162 699 1226 τῆς
716 1159 923 1278 ἑβδομηκοστὶς
940 1160 1023 1224 ὀλυμ-
1051 1161 1140 1211 canda
1155 1161 1303 1226 Phryniohi
1320 1163 1352 1214 de
1368 1163 1514 1230 tragoedia
1530 1165 1640 1226 merite,
1662 1178 1746 1231 quae,
1768 1165 1791 1215 si
1812 1165 1876 1230 qnid

193 1228 309 1292 πιάδος,
329 1230 373 1281 xci
386 1232 500 1294 πρῶτος
516 1229 620 1294 ἔγραψε
637 1227 774 1293 σατύρους
791 1257 824 1268 -
840 1227 885 1279 καί
931 1226 1022 1292 duem
1051 1230 1167 1280 nominis
1180 1229 1247 1292 eius,
1261 1230 1296 1279 ab
1311 1231 1402 1281 multis
1413 1230 1477 1282 inde
1490 1231 1525 1282 ab
1536 1232 1719 1298 Aristophane
1733 1233 1876 1296 celebrati,

193 1295 247 1360 μὲν
259 1295 421 1350 ἐπεδείξατο
432 1290 467 1363 ν’,
485 1295 527 1348 ὧν
544 1296 678 1362 σατυρικὰ
696 1288 745 1360 λβ’.
768 1293 878 1362 ἐνίκησε
895 1241 930 1348 bg
942 1295 1022 1349 duci.
1051 1298 1141 1347 famae
1157 1295 1329 1350 tribuendum
1347 1300 1397 1362 sit,
1418 1300 1503 1350 multo
1520 1301 1624 1351 maiora
1641 1301 1744 1350 fuerint
1763 1315 1876 1352 neeesse

192 1365 354 1417 Certamina
367 1367 533 1434 tragicorum
544 1365 663 1416 Choerili
672 1370 773 1428 aetate,
786 1363 894 1431 legibus
905 1365 1022 1416 fortasse
1050 1370 1094 1416 est
1106 1379 1187 1430 quern
1200 1381 1273 1416 nunc
1284 1365 1444 1431 videantur,
1461 1381 1512 1418 nec
1526 1368 1706 1420 dubitandum
1719 1369 1785 1434 quin
1798 1369 1876 1420 iabu-

192 1433 285 1484 minus
298 1449 378 1500 quam
390 1437 502 1500 postero
518 1441 640 1499 ternpore
654 1433 770 1498 severis,
787 1433 917 1484 instituta
935 1432 1021 1483 fuisse
1050 1433 1091 1484 las
1103 1434 1187 1484 multo
1201 1448 1280 1499 quam
1296 1433 1396 1485 Suidas
1409 1435 1434 1485 ei
1446 1436 1542 1487 tribuit
1553 1436 1644 1502 plures
1656 1437 1807 1502 scripserit,
1821 1437 1875 1502 pri·

191 1501 298 1552 Scidee
316 1503 401 1554 verba
419 1501 533 1566 docent,
550 1503 605 1552 etsl
621 1517 672 1552 uec
690 1501 724 1551 de
740 1516 851 1552 numero
868 1505 1020 1566 poetarum,
1050 1517 1162 1567 musque
1179 1501 1388 1567 tetralogiarum
1405 1509 1500 1554 auctor
1518 1505 1672 1570 exstiterit,
1691 1505 1744 1555 etsi
1757 1505 1876 1555 fortasse

192 1571 242 1634 qai
254 1575 319 1620 ente
335 1570 517 1636 olympiadem
534 1571 566 1622 ’10
582 1570 655 1621 inter
671 1585 701 1620 se
719 1569 910 1620 contenderint
922 1584 973 1619 nec
986 1570 1020 1620 de
1050 1571 1085 1620 ab
1097 1569 1177 1620 initio
1189 1570 1323 1636 singulas,
1336 1577 1367 1620 ut
1379 1570 1451 1620 Thes
1472 1572 1495 1621 is
1508 1577 1536 1622 et
1546 1571 1689 1623 Choerilus
1701 1573 1835 1638 fecerant,
1847 1574 1876 1622 in

191 1651 306 1688 nurnero
319 1637 475 1690 fabularum
492 1653 562 1702 quae
580 1639 615 1688 ab
632 1637 747 1702 singulis
763 1638 853 1702 poetis
869 1637 1019 1702 productae
1049 1651 1160 1688 scenam
1173 1637 1333 1702 produxerit
1346 1587 1518 1704 tragoedias,
1537 1639 1570 1690 de
1583 1655 1637 1705 quo
1650 1640 1781 1690 disertum
1793 1640 1877 1692 habe·

191 1706 298 1756 fuerint
310 1705 458 1772 quidquam
471 1707 606 1772 proditum
623 1710 680 1768 est,
697 1719 749 1756 nec
762 1705 888 1756 dramata
900 1706 1021 1770 satyrica
1049 1706 1137 1756 bimus
1158 1707 1261 1756 veteris
1283 1707 1454 1773 grammatici
1474 1707 1673 1773 testimonium,
1700 1709 1724 1758 si
1743 1709 1827 1760 verba
1847 1709 1876 1758 in

191 1787 251 1837 qua
267 1773 331 1838 lege
348 1789 407 1824 curn
423 1775 575 1838 tragoediis
593 1775 739 1824 coniuncta
761 1773 865 1823 merim
881 1773 1020 1824 novimus:
1049 1771 1150 1823 Suidse
1164 1774 1302 1838 excerptis
1311 1773 1344 1839 (s.
1354 1789 1380 1830 v.
1391 1772 1551 1838 Σοφοκλῆς)
1562 1776 1597 1826 ad
1607 1775 1767 1844 Sophoclem
1776 1775 1875 1838 relata,

191 1841 290 1906 qualia
306 1856 361 1891 non
378 1857 395 1892 a
406 1840 520 1892 Pratiua
537 1841 657 1905 demum,
675 1843 720 1906 qui
737 1857 791 1892 nou
808 1855 896 1906 pauca
913 1856 1021 1906 compo·
1050 1839 1095 1893 καί
1112 1839 1198 1902 αὐτὸς
1215 1839 1280 1905 ῆρξε
1297 1843 1349 1892 τοο
1372 1841 1461 1907 δρᾶμα
1481 1841 1551 1907 πρὸς
1572 1841 1661 1908 δρᾶμα
1681 1841 1874 1906 ἀγωνίζεσθαι,

190 1911 259 1972 suit,
277 1908 326 1960 scd
339 1910 393 1959 ianr
406 1910 440 1960 ab
452 1910 578 1962 Choerilo
590 1911 695 1975 scripta
704 1909 789 1960 fuisse
804 1925 837 1959 ex
846 1911 949 1960 veteris
958 1925 1021 1974 poe·
1049 1907 1120 1960 ἀλλὰ
1139 1908 1175 1971 μὴ
1192 1907 1391 1972 τετραλογίαν,
1409 1917 1438 1960 et
1450 1911 1520 1976 quod
1533 1911 1566 1960 de
1579 1911 1713 1977 Sophocle
1726 1911 1818 1978 paullo
1831 1913 1875 1962 iu·

191 1981 241 2028 tae
255 1993 345 2040 versu,
363 1993 442 2042 quem
455 1979 625 2043 grammatici
633 1978 729 2027 Latini
741 1983 896 2040 servarunt,
914 1976 1020 2042 colligi·
1049 1978 1135 2028 forins
1152 1978 1256 2028 dictum
1275 1993 1385 2042 prorsus
1399 1978 1547 2030 absurdum
1560 1983 1602 2029 est
1615 1979 1753 2045 solumque
1771 1978 1875 2030 sufficit

189 2051 247 2110 tur,
266 2043 349 2108 ἡνίκα
362 2043 412 2107 μὲν
425 2046 552 2108 βασιλεὺς
565 2043 601 2108 ἦν
613 2043 739 2110 Χοιρίλος
751 2043 783 2096 ὲν
794 2043 932 2109 σατύροις.
1048 2045 1084 2096 ad
1098 2045 1264 2096 evertendas
1277 2045 1419 2096 multorum
1433 2047 1467 2097 de
1477 2047 1569 2098 verbis
1582 2048 1766 2114 superioribus
1779 2048 1873 2112 dispu-

245 2113 356 2164 Tertius
378 2114 445 2164 cleri
463 2113 579 2164 nominis
601 2116 725 2178 tragicus
745 2113 918 2178 Phrynichus
938 2112 1018 2178 Poly·
1048 2115 1178 2178 tationes,
1191 2111 1263 2177 πρὸς
1276 2111 1380 2165 Θέσπιν
1392 2113 1438 2164 καί
1448 2112 1579 2179 Χοιρίλον
1588 2112 1801 2178 ἀγωνιζόμενος,
1813 2129 1874 2165 euru

189 2180 369 2246 phradmonis
385 2181 458 2232 filius
475 2183 541 2245 fuit,
560 2181 707 2247 Thespidi,
726 2181 965 2246 cuiusdiscipulus
983 2182 1018 2231 ab
1047 2184 1075 2232 in
1088 2182 1195 2232 modum
1208 2183 1411 2232 conformentur
1423 2197 1502 2247 quem
1514 2185 1543 2232 in
1555 2183 1621 2234 Vita
1632 2181 1774 2248 Sophoclis
1787 2183 1875 2233 Oxou.

134 2307 137 2313 ¹
188 2249 278 2300 Suida
290 2249 398 2312 dicitur,
417 2255 446 2299 et
457 2249 582 2300 Olreerilo
595 2249 730 2314 aequalis,
748 2251 802 2300 etsi
813 2248 915 2312 multis,
928 2251 953 2299 si
963 2263 1018 2298 uon
1048 2267 1074 2315 p.
1086 2251 1145 2300 Lx.
1157 2251 1299 2316 proposui,
1318 2255 1350 2299 ut
1362 2251 1452 2300 omnis
1469 2250 1504 2300 ad
1516 2250 1699 2315 Phrynichum
1712 2251 1874 2310 reserantur,

190 2315 333 2381 choante,
353 2322 427 2368 certe
441 2318 579 2384 Thespide
592 2319 670 2368 annia
687 2318 810 2368 inferior.
844 2318 924 2366 Hunc
935 2317 1018 2382 olym·
1046 2322 1086 2368 eie
1096 2319 1209 2382 scripta,
1220 2315 1403 2381 πρδςΘέσπιν
1413 2317 1458 2370 καί
1468 2315 1597 2382 Χοιρίλον
1606 2315 1819 2381 ἀγωνιζόμενος,
1829 2318 1874 2369 καί

188 2385 275 2450 piade
288 2387 330 2438 ti.
342 2387 443 2436 vicisse
454 2387 599 2438 annotavit
609 2385 714 2449 fluidas,
728 2385 895 2449 eundemque
909 2390 1018 2452 tragoe·
1045 2383 1131 2448 αὐτὸς
1141 2386 1196 2447 (vel
1205 2385 1251 2435 καί
1261 2387 1374 2451 πρῶτος
1387 2401 1447 2436 cum
1454 2385 1585 2454 Bergkio)
1596 2387 1660 2450 note
1669 2387 1722 2437 τοί)
1736 2385 1772 2449 μὴ
1785 2385 1874 2450 δρᾶμα

189 2453 267 2504 diam
279 2453 404 2504 docuisse
417 2453 516 2520 olymp.
530 2457 574 2518 ts,
586 2457 627 2517 4.,
646 2454 777 2504 archonte
788 2452 947 2517 Adimanio,
961 2469 1019 2504 cer·
1045 2453 1115 2518 πρὸς
1133 2452 1222 2516 δρᾶμα
1240 2451 1422 2515 ἀγωνίζεσθαι
1440 2453 1482 2520 (ut
1494 2456 1599 2518 priores
1611 2459 1710 2520 poetae
1729 2455 1874 2518 fecerant),

188 2521 484 2573 tissimnmonnmentt
499 2523 638 2586 eboregici
652 2520 705 2572 fide
723 2527 843 2585 οοιιειαι,
866 2520 938 2586 quod
954 2521 1017 2572 Plu·
1044 2521 1116 2573 ἀλλὰ
1131 2519 1324 2584 τετραλογίαν.
1358 2523 1429 2572 Nam
1445 2522 1568 2586 vulgaris
1584 2523 1692 2587 opinio,
1710 2522 1874 2587 Aeschylum

153 2587 159 2602 '
188 2588 304 2640 tarohus
325 2591 486 2642 memoravit
505 2592 534 2640 in
553 2590 619 2640 vite
639 2589 830 2640 Themistoclis
852 2605 874 2639 e.
895 2590 932 2652 5.,
954 2591 972 2640 i.
994 2605 1016 2639 e.
1046 2589 1661 2656 primumomniurntetralogiisusumasse,in
1672 2590 1819 2641 manifesto
1834 2607 1874 2640 er·

190 2658 334 2723 trigesimo
351 2659 446 2722 quinto
465 2664 527 2723 post
545 2659 660 2724 priorem
678 2657 753 2708 illam
771 2658 915 2708 victoriam
936 2673 1016 2708 anno.
1045 2673 1106 2710 rore
1117 2661 1242 2708 versatur
1254 2663 1282 2706 et
1293 2672 1327 2706 ne
1340 2662 1490 2723 temporum
1503 2659 1610 2722 quidem
1624 2659 1726 2708 rationi
1738 2659 1874 2718 convenit,

189 2727 270 2776 Intra
282 2725 354 2790 quod
366 2730 474 2791 tempus
489 2741 544 2776 nou
561 2727 653 2790 plures
670 2741 731 2776 eum
748 2721 858 2775 fabulas
874 2725 1016 2790 scripsisse
1044 2730 1075 2776 ut
1096 2727 1124 2775 in
1140 2726 1205 2776 Vita
1223 2725 1364 2790 Sophoclis
1380 2727 1397 2776 Ι.
1414 2741 1437 2776 c.
1456 2727 1573 2780 ostendi.
1605 2727 1767 2790 Quicunque
1782 2731 1874 2776 autem

189 2808 273 2858 quam
285 2809 391 2856 novem,
404 2809 517 2859 quarum
529 2795 639 2845 nomina
651 2793 781 2858 apposuit
794 2793 908 2856 Suidas,
927 2799 956 2844 et
968 2809 1018 2858 per
1044 2795 1146 2859 primus
1158 2793 1334 2858 tetralogiem
1344 2793 1505 2859 composuit,
1518 2795 1575 2844 sire
1587 2795 1612 2844 is
1622 2794 1802 2858 Phrynichus,
1816 2795 1874 2844 sive

189 2877 220 2911 aa
238 2876 334 2925 parurn
350 2861 480 2912 credibile
498 2869 542 2914 est
557 2868 586 2911 et
602 2861 766 2912 convellitur
782 2859 936 2911 fabulantm
953 2876 1017 2927 qua·
1045 2861 1211 2926 Aeschylus,
1230 2862 1288 2911 sive
1303 2862 1376 2912 elius
1389 2863 1456 2926 fuit,
1471 2863 1628 2914 necessario
1641 2861 1783 2912 consilinm
1796 2877 1873 2912 suurn

189 2929 306 2979 rundem
318 2930 447 2980 memorie
460 2945 541 2996 quam
553 2931 602 2981 alii
614 2930 762 2994 scriptores
774 2934 927 2990 servarunt,
946 2929 1019 2978 inter
1046 2945 1106 2980 cum
1119 2929 1224 2980 duobus
1236 2929 1374 2978 minimum
1392 2930 1455 2980 eliis
1467 2931 1556 2995 poetis
1568 2931 1768 2981 communicare
1785 2927 1873 2995 iisque

189 3013 260 3062 quas
272 3002 316 3048 est
326 2998 479 3049 clarissima
490 2997 650 3050 Φοινισσῶν
661 2996 814 3064 tragoedia.
851 2998 907 3046 Nee
922 2996 956 3047 de
968 3011 1016 3046 nu·
1047 3001 1143 3048 auctor
1156 3011 1217 3048 esse
1231 2997 1325 3048 debuit
1337 3003 1368 3047 ut
1380 2998 1433 3062 ipsi
1446 3013 1553 3063 quoque
1566 2997 1728 3063 tetralogias
1740 2999 1769 3047 in
1786 3003 1873 3049 certa-

189 3081 265 3116 mero
277 3067 462 3130 victoriarum,
475 3082 555 3132 quem
568 3066 669 3116 Suidas
682 3066 715 3115 de
727 3065 790 3116 aliis
803 3065 892 3130 poetis
904 3065 1018 3130 tragicis
1047 3080 1108 3118 men
1125 3065 1316 3130 producerent.
1346 3066 1439 3130 Neque
1458 3067 1530 3116 enirn
1546 3081 1603 3116 una
1619 3067 1701 3116 unius
1716 3071 1817 3131 poetae
1834 3066 1874 3115 sa·

189 3135 344 3196 annotavit,
356 3134 488 3199 quidqum
500 3135 579 3184 dixit.
614 3135 655 3184 Ex
667 3134 710 3184 his
722 3133 815 3198 colligi
829 3136 921 3197 potest
932 3132 1018 3196 Phry·
1047 3133 1110 3184 bula
1130 3135 1270 3198 quaternis
1286 3132 1398 3184 duorum
1414 3133 1528 3183 aliorum
1544 3140 1686 3200 poetarum
1708 3133 1811 3184 fabulis
1827 3150 1873 3198 op-

189 3201 266 3251 nichi
278 3202 433 3252 fabularum
446 3218 501 3252 nou
512 3217 661 3268 paucarum
674 3203 831 3252 memoriam
841 3208 946 3252 mature
959 3215 1018 3266 per·
1046 3204 1111 3267 poni
1133 3202 1162 3252 in
1179 3201 1328 3250 certamine
1343 3207 1461 3266 poterat.

188 3271 255 3332 isse,
268 3269 490 3334 quemadmodum
501 3272 617 3322 aliarum
627 3269 805 3335 plurimarum
814 3268 1018 3334 tragoediarum
1096 3269 1138 3319 De
1155 3269 1264 3334 legibue
1279 3283 1347 3334 quas
1362 3269 1535 3335 Phrynichus
1551 3271 1580 3320 in
1597 3269 1752 3335 tetralogiis
1765 3285 1872 3336 compo-

189 3343 233 3400 et,
249 3344 282 3386 ut
294 3339 430 3388 coniicere
449 3338 528 3402 licat,
550 3339 736 3402 obscuriorum
754 3351 860 3404 quoqne
878 3341 1019 3403 poetarum
1047 3336 1143 3388 nendis
1156 3342 1266 3388 secutus
1283 3338 1321 3388 sit
1337 3337 1429 3388 nullus
1444 3335 1610 3390 coniecturis
1626 3339 1704 3389 locus
1717 3343 1774 3402 est,
1793 3354 1873 3403 quum

188 3407 319 3456 memoria
335 3407 376 3455 ite
393 3412 437 3458 ast
453 3406 602 3458 obliterata
619 3405 744 3456 utnulla
761 3409 810 3455 ant
831 3406 876 3455 vix
897 3404 957 3454 nlla
973 3420 1018 3454 ve·
1048 3421 1083 3456 ne
1094 3419 1176 3455 unam
1189 3405 1297 3469 quidem
1309 3405 1483 3471 tetralogiam
1495 3407 1554 3458 eius
1565 3409 1704 3470 cognitam
1717 3407 1873 3457 habeamus.

189 3474 278 3538 stigia
295 3475 351 3524 sint
368 3475 481 3525 relicta:
500 3474 652 3526 cuiusmodi
669 3479 713 3526 est
730 3473 801 3538 quod
823 3473 910 3538 ipsius
931 3473 1018 3538 Phry·
1047 3473 1214 3538 Aeschylum
1226 3489 1290 3524 vero
1303 3475 1484 3524 certissimum
1496 3473 1696 3540 hahcripotest
1708 3475 1873 3538 tetralogius

188 3541 265 3592 nichi
280 3541 352 3591 iilius
370 3541 605 3608 Polyphradmou,
628 3557 680 3593 avo
702 3541 884 3608 cognominis,
909 3541 943 3591 eb
965 3555 1018 3590 uno
1047 3542 1205 3608 plerumque
1221 3542 1261 3592 ita
1276 3542 1460 3606 composuisse
1476 3546 1509 3592 ut
1523 3543 1551 3591 in
1565 3541 1658 3593 codem
1676 3557 1800 3608 quaeque
1813 3558 1873 3593 ver·

1047 3613 1155 3660 seretur
1166 3616 1328 3676 argumento
1339 3616 1455 3674 perires
1465 3610 1630 3674 tragoediae,
1644 3609 1778 3660 interdurn
1789 3612 1871 3660 etiam

189 3681 376 3729 conformatae
389 3678 499 3742 haberi,
517 3679 641 3731 hocloco
655 3694 709 3729 uon
721 3679 837 3728 veniunt
849 3678 877 3726 in
890 3691 1016 3727 censumr
1047 3693 1096 3744 per
1108 3677 1201 3727 drama
1211 3679 1360 3741 satyricum
1373 3679 1541 3742 continuato,
1554 3685 1586 3728 ut
1597 3679 1625 3727 in
1634 3679 1782 3743 tetralogia
1791 3679 1873 3728 Oedi-

188 3747 241 3796 sed
262 3747 425 3811 tragicorum
447 3747 629 3813 tetralogiae,
652 3748 762 3798 etiamsi
782 3745 860 3798 nulla
879 3746 914 3794 iis
936 3759 1018 3810 argu·
1048 3746 1135 3811 podes
1149 3761 1181 3794 ex
1194 3745 1272 3810 Laio,
1285 3745 1401 3810 Oedipo,
1415 3747 1527 3811 Septem
1538 3746 1574 3796 ad
1586 3747 1697 3797 Thebes
1709 3751 1738 3796 et
1749 3746 1870 3811 Sphinge

187 3816 274 3864 menti
288 3815 443 3866 coniunctio
457 3816 570 3877 inesset,
589 3815 633 3866 vel
646 3831 679 3865 es
698 3814 756 3865 sola
771 3831 802 3865 re
819 3829 901 3866 unum
920 3829 1018 3878 corpus
1048 3818 1077 3864 et
1089 3815 1117 3862 in
1131 3811 1247 3862 Oresten
1260 3813 1365 3863 fectum
1376 3813 1501 3864 videmus
1514 3829 1547 3864 ex
1559 3815 1772 3879 Agamemnone,
1786 3814 1870 3864 Choe-

189 3883 299 3932 eificere
314 3888 474 3948 potueruut,
493 3883 565 3948 quod
577 3899 632 3935 una
644 3882 796 3933 didascalia
815 3883 976 3932 commissae
989 3882 1016 3932 in
1047 3881 1152 3947 phoris,
1171 3880 1368 3932 Eumenidibus
1385 3887 1413 3932 et
1425 3883 1524 3932 Proteo
1541 3883 1701 3948 composita.
1736 3882 1797 3934 Non
1809 3897 1871 3930 con·

186 3965 298 4001 scenam
311 3957 397 4001 erant.
426 3953 503 4014 Quae
517 3965 597 4017 quum
610 3953 651 4001 ita
664 3951 728 4014 siut,
747 3951 919 4002 consistimus
931 3950 961 3999 iu
973 3966 1016 4013 ea,
1045 3955 1152 4000 stanter
1167 3953 1259 3999 tamen
1275 3949 1438 4014 tetralogias
1455 3950 1495 4000 sic
1508 3952 1542 4000 ab
1552 3966 1588 4000 -eo
1606 3951 1772 4015 compositas
1784 3950 1871 4000 luisse

186 4033 261 4082 quae
273 4033 328 4068 una
340 4023 480 4084 superest,
493 4019 657 4084 tetralogiee
672 4019 830 4069 delinitione
843 4017 1016 4082 Thrasyllee‚
1046 4024 1074 4068 et
1094 4017 1240 4068 Persarum
1261 4017 1413 4083 exemplum
1430 4016 1525 4080 docet,
1546 4019 1704 4083 tragoediae
1722 4017 1872 4068 historicae

187 4102 222 4136 ex
234 4101 289 4150 qua
300 4088 410 4150 tragica
422 4087 575 4138 didascalia
588 4087 792 4152 quadripartita
809 4086 949 4152 quaelibet
966 4085 1016 4136 hoc
1044 4101 1103 4136 cum
1115 4085 1305 4150 mytholoffl'eis
1318 4085 1425 4136 duabus
1440 4085 1469 4135 in
1488 4085 1585 4136 eedem
1600 4086 1747 4151 tetralogie
1759 4085 1871 4136 coniun-

186 4161 288 4204 vocata
300 4155 409 4204 nomine
422 4153 494 4209 est.'’
526 4155 719 4220 competenda
731 4169 792 4204 cnm
805 4155 848 4204 his
861 4169 930 4220 quae
944 4155 1017 4205 Simo
1044 4160 1121 4217 ctae,
1143 4154 1260 4202 stratio
1281 4154 1444 4218 comprobat.
1484 4155 1553 4204 Nam
1575 4155 1598 4204 si
1618 4155 1690 4204 lianc
1712 4153 1765 4204 sibi
1783 4152 1871 4217 legem

186 4223 343 4272 Karstenus
360 4224 388 4272 in
405 4223 538 4273 Lectione
557 4224 590 4274 de
608 4223 759 4288 tetralogia
776 4223 929 4288 Sophoclea
946 4221 1017 4272 dixit
1044 4222 1222 4286 scripsissent
1235 4221 1334 4285 tragici
1348 4226 1377 4272 ut
1389 4223 1498 4272 nonnisi
1511 4221 1668 4287 tragoedias
1681 4221 1871 4272 consociasset

187 4290 387 4340 Amstelodami
400 4290 476 4340 edita
487 4307 512 4341 a.
525 4293 598 4342 1846.
611 4306 717 4356 egoque
730 4291 787 4340 dixi
798 4292 826 4340 in
838 4291 902 4342 Vita
912 4291 1016 4356 Sopho·
1043 4291 1072 4339 in
1090 4289 1185 4340 eodem
1205 4293 1349 4340 versantes
1366 4297 1540 4354 argumento,
1563 4290 1672 4340 fabulas
1687 4305 1741 4338 nou
1757 4305 1870 4354 pancas,

185 4356 239 4408 olis
249 4359 335 4409 Oxon.
345 4358 503 4423 pxxxlu
515 4359 575 4410 1.11.
606 4361 826 4410 Nominaeutem
836 4356 1015 4422 Λυκούργεια,
1045 4356 1219 4422 quantumvis
1239 4358 1389 4422 tragoediis
1415 4363 1510 4424 aptas,
1534 4357 1680 4408 excludere
1702 4356 1871 4420 debuissent,

187 4423 347 4489 Ὀρέσταο,
367 4427 465 4492 quibus
480 4427 677 4493 Aristophanes
694 4441 761 4476 usus
778 4431 835 4489 est,
856 4424 1017 4478 Οἰδιπόδαο
1044 4441 1113 4490 quae
1130 4425 1178 4474 uni
1191 4424 1300 4488 quidem
1313 4424 1455 4477 duabusve
1468 4425 1632 4492 tragoediis,
1650 4439 1809 4476 verumnon
1822 4427 1870 4474 tri·

186 4499 217 4544 et
230 4493 285 4543 alia
302 4495 393 4544 omnia
409 4494 564 4545 huiusmodi
581 4511 635 4546 non
648 4500 711 4545 sunt
727 4496 761 4546 eb
778 4495 920 4544 veteribus
938 4495 1017 4546 intel·
1045 4496 1094 4545 bus
1105 4492 1248 4558 explendis
1258 4493 1432 4544 sufficerent:
1445 4509 1479 4544 ex
1490 4509 1541 4560 quo
1550 4509 1651 4559 genere
1661 4492 1817 4544 Promethei
1830 4494 1871 4544 fa·

186 4563 263 4612 lecto
275 4559 440 4626 τετραλογία
453 4563 599 4624 vocabulo,
613 4564 662 4614 sed
675 4563 770 4614 ecdem
783 4563 862 4613 modo
876 4563 951 4614 dicta
963 4577 1016 4628 quo
1045 4562 1109 4612 bule
1127 4565 1171 4611 est
1183 4561 1216 4610 de
1230 4575 1284 4624 que
1296 4561 1352 4611 dixi
1366 4561 1401 4610 ad
1418 4563 1586 4628 Fragmenta
1598 4575 1624 4626 p.
1638 4563 1693 4610 114.
1714 4561 1871 4612 vanissima

185 4630 325 4695 epicorum
337 4631 457 4681 carmina
468 4631 513 4681 vel
526 4637 620 4697 partes
632 4632 780 4681 carminum
794 4628 950 4694 Ὀδύσσεια,
962 4632 1014 4683 Ao·
1044 4645 1108 4680 vero
1120 4629 1300 4680 recentiorum
1312 4630 1480 4696 quorundam
1491 4631 1609 4680 virorum
1624 4629 1764 4679 doctonrm
1777 4631 1870 4694 opinio

186 4697 302 4761 λαίνεια,
317 4695 678 4765 Πατρόκλεια,,Γηροόνεια,
693 4697 908 4763 Δευκαλιώνεια,
922 4697 1014 4763 Εὐρώ·
1045 4703 1100 4760 est,
1118 4697 1299 4761 Aeschylum,
1318 4699 1426 4757 etiamsi
1446 4697 1581 4748 interdurn
1599 4696 1701 4748 diversi
1717 4699 1871 4762 argumenti

148 4805 152 4815 .
185 4779 254 4818 πεια
262 4751 444 4832 appellantur,
460 4769 495 4818 ab
504 4767 624 4819 librariis
635 4783 717 4834 saepe
728 4769 756 4818 in
765 4763 794 4818 ία
804 4769 964 4818 terminato:
981 4767 1015 4818 de
1043 4765 1200 4830 tragoedias
1217 4781 1273 4816 una
1290 4767 1463 4816 coniunxerit
1474 4765 1633 4829 tetralogia,
1652 4771 1744 4816 tamen
1759 4779 1870 4816 curasse

185 4849 243 4898 quo
258 4833 329 4884 dixit
346 4836 376 4884 1..
393 4835 550 4886 Dindorfius
567 4839 596 4886 in
618 4836 759 4886 Thesauro
780 4835 834 4886 vol.
853 4839 876 4887 3.
892 4851 919 4901 p.
938 4837 1014 4886 2438.
1042 4840 1073 4884 ut
1089 4833 1257 4884 sententiam
1275 4834 1397 4898 aliquem
1420 4835 1507 4884 tribue
1528 4833 1681 4898 tragoediis
1702 4847 1870 4884 communem

186 4901 268 4965 Quod
281 4902 315 4952 ab
330 4903 414 4953 Suida
426 4918 448 4953 s.
461 4919 486 4954 ν.
500 4901 654 4968 Νικόμαχος
671 4903 730 4969 (abi
742 4903 903 4956 Nicomachi
915 4905 1015 4968 tragici
1040 4901 1206 4953 illustraret:
1228 4901 1299 4967 quod
1320 4903 1461 4952 inventum
1478 4902 1570 4952 Persis
1593 4901 1778 4951 adhibuerunt
1796 4900 1869 4950 Wel-

185 4975 217 5020 et
233 4970 392 5021 Nicomachi
404 4972 500 5022 comici
513 4971 623 5022 fabulas
635 4971 791 5037 permiscet)
805 4971 949 5036 tragoedis
961 4987 1016 5021 me·
1041 4970 1141 5020 cherua
1154 4968 1270 5035 aliique,
1289 4968 1355 5020 nihil
1373 4969 1449 5019 alind
1460 4970 1602 5019 consecuti
1619 4983 1699 5035 quam
1715 4975 1747 5019 ut
1759 4968 1870 5019 tetralo-

185 5042 310 5089 moratur
326 5036 458 5104 Τριλογία
474 5055 534 5090 curn
555 5039 650 5090 iebnla
671 5036 910 5102 marcescentem
930 5039 1015 5105 (quod
1041 5036 1870 5104 giamproducerentvelsioaliisomnibusquasvelnovimus

185 5121 286 5157 nomen
303 5107 458 5158 comoediae
475 5123 555 5172 qnam
571 5109 730 5174 tragoediae
748 5107 862 5158 similius
880 5106 935 5172 est)
952 5123 1015 5158 con·
1041 5106 1088 5157 sel
1110 5121 1143 5156 ox
1164 5104 1334 5170 perditarum
1355 5105 1512 5156 fabularum
1533 5107 1686 5157 nominibus
1707 5105 1870 5156 Welclrerus

185 5173 296 5238 iuncta,
314 5175 350 5226 de
360 5191 392 5226 eo
405 5183 499 5240 parum
510 5175 663 5241 probabilis
673 5175 806 5225 Meinekii
818 5181 861 5226 est
876 5177 1016 5227 sententia
1042 5175 1101 5240 ipse
1112 5172 1398 5238 composuitAeschyli
1410 5173 1567 5238 tetralogiis
1577 5189 1687 5239 prorsus
1699 5172 1869 5224 dissimilem.

186 5242 217 5292 in
226 5242 465 5309 Hist.com.p.4ill.
484 5245 513 5296 Si
522 5250 678 5309 corruptum
687 5259 785 5294 nornen
795 5245 868 5293 sit-
880 5244 951 5309 quod
962 5259 1015 5296 non
1091 5241 1223 5292 Videmus
1234 5243 1320 5308 igitur
1331 5240 1494 5305 Aeschylum
1507 5241 1607 5307 olymp.
1621 5244 1661 5306 70,
1673 5243 1695 5291 1.
1708 5255 1780 5292 anno
1792 5246 1867 5291 aeta·

186 5313 255 5374 puto
267 5318 346 5362 extra
358 5311 557 5363 dubitationem
574 5315 691 5378 positum
704 5327 778 5370 esse,
798 5326 878 5376 quum
890 5309 1015 5375 τριλογίο
1042 5311 1078 5360 tis
1094 5310 1228 5374 vigesimo
1250 5312 1346 5374 quinto
1366 5310 1527 5373 tragoedias
1547 5310 1644 5360 docere
1663 5309 1787 5373 coepisse
1808 5323 1869 5358 cum

186 5377 284 5428 eodem
297 5379 376 5430 modo
389 5379 493 5430 dictum
505 5395 566 5430 esse
582 5381 671 5446 possit
688 5395 741 5444 quo
753 5378 859 5443 διλογία
877 5380 911 5430 ab
925 5383 1014 5431 Xeno·
1043 5377 1156 5428 aemulis
1170 5377 1287 5440 duabus,
1306 5377 1431 5428 Choerilo
1444 5383 1472 5428 et
1485 5378 1612 5442 Pratina,
1630 5377 1793 5429 devictoris
1806 5391 1869 5428 cou-

187 5445 291 5509 phonte
304 5448 424 5512 aliisque
437 5448 539 5498 dictum
552 5455 596 5499 est
607 5475 640 5486 -
652 5445 790 5513 Τριλοφία
803 5450 900 5498 coniiei
914 5453 1014 5514 potest,
1042 5446 1212 5510 tendentem,
1225 5459 1336 5510 quorum
1349 5450 1411 5494 uter
1423 5447 1527 5496 alteros
1537 5446 1604 5498 duos
1614 5445 1713 5497 vicerit
1722 5447 1868 5495 nescimus.

187 5513 261 5576 quod
272 5516 429 5567 comoediae
441 5531 538 5567 nomen
551 5531 612 5568 esse
624 5517 714 5582 potuit
727 5523 757 5566 ut
770 5513 950 5581 Ἐγχειρίδιον,
965 5516 1016 5568 ltu-
1042 5515 1160 5564 Tantum
1174 5515 1246 5564 enim
1259 5515 1397 5574 norimus,
1414 5513 1578 5578 Aeschylum
1595 5529 1684 5578 neque
1702 5511 1730 5562 in
1748 5513 1799 5562 hoe
1811 5527 1868 5563 cer-

187 5578 306 5649 λάσιρις,
324 5581 517 5650 Κεκριίφαλος,
531 5581 670 5648 Πλὸκιον,
688 5582 846 5648 Πτερίιγιον
859 5591 887 5636 et
899 5585 956 5635 alia
968 5586 1017 5634 hu·
1043 5583 1145 5632 tamine
1158 5597 1208 5632 nee
1221 5582 1350 5646 proximis
1366 5595 1452 5646 usque
1466 5583 1502 5633 ad
1515 5583 1614 5648 olymp.
1625 5584 1667 5644 tt,
1679 5584 1705 5632 t.
1720 5583 1808 5644 annis,
1828 5582 1867 5631 in·

189 5649 307 5705 inemodi
320 5655 518 5705 comoediarum
530 5655 638 5731 nomine
652 5654 772 5706 ruerunt.
1041 5657 1084 5700 tre
1102 5649 1173 5715 quod
1196 5655 1303 5714 tempus
1322 5650 1396 5700 haud
1417 5650 1499 5702 dubie
1520 5650 1630 5701 fabulas
1650 5650 1744 5714 plures
1764 5649 1867 5712 docuit,
