4338 6612
335 505 375 570 3ss
899 505 1193 558 noooxnnonn
1222 504 1457 556 ποικιητιι.

335 657 471 723 ἔδωκεν·
505 657 524 736 ἡ
551 659 587 722 δέ
614 660 761 738 λαβοῦσα
787 657 944 738 ἐφύλαττε
971 659 1045 736 παρ’
1072 658 1175 740 ἑαυτῆ.
1218 657 1340 722 διεξιὼν
1369 655 1404 720 δέ
1431 655 1589 736 Ἡρακλῆς
1615 655 1673 733 τῆν
1702 632 1869 733 Δρυόπων
1898 655 2011 734 χώραν,

335 760 385 824 καὶ
407 762 532 839 τροφῆς
554 758 708 838 ἀπορῶν,
730 757 976 838 ὑπαντήσαντος
999 757 1085 842 αὐτῷ
1109 757 1347 838 Θειοδάμαντος
1370 759 1624 838 βοηλατοῦντος,
1646 757 1704 820 τὸν
1728 755 1838 834 ἕτερον
1860 758 1926 820 τῶν
1947 755 2012 819 ταύ·

334 883 401 942 ρων
435 860 539 940 λύσας
572 862 622 925 καί
654 861 782 941 σφάξας
815 860 975 940 εὐωχεῖτο.
1020 859 1135 939 ὡςδὲ
1164 860 1239 944 ῆκεν
1262 860 1307 939 εἰς
1330 859 1471 940 Τραχῖνα
1497 859 1582 938 πρὸς
1607 859 1720 955 Κήύκα,
1754 857 1943 937 ὑποδεχθεὶς
1966 856 2012 920 ὑπ’

239 1031 244 1040 .
334 962 433 1027 αὐτού
448 963 608 1043 Δρύοπας
629 962 897 1041 κατεπολέμησεν.
931 960 1020 1040 αὖθις
1038 961 1157 1027 ἐκεῖθεν
1173 961 1298 1046 Αἰγιμίῳ
1322 964 1446 1042 βασιλεῖ
1467 960 1671 1040 συνεμάχησε
1686 960 1854 1039 Δωριέων.
1885 959 2013 1023 Λαπίθαι

334 1065 395 1144 γὰρ
416 1065 489 1144 περὶ
510 1067 570 1144 γῆς
593 1063 680 1144 ὅρων
702 1064 786 1144 πρὸς
809 1063 908 1128 αὐτὸν
931 1065 1123 1146 ἐπολέμουν,
1149 1065 1302 1143 Κορώνου
1325 1066 1593 1143 στρατηγοῦντος.
1637 1061 1714 1126 δδέ
1741 1061 2012 1140 πολιορκούμενος

335 1166 554 1232 ἐπεκαλέσατο
576 1166 731 1246 Ἡρακλέα
754 1167 872 1247 βοηθὸν
894 1165 946 1230 ἐπὶ
964 1166 1050 1245 μέρει
1070 1169 1127 1244 τῆς
1149 1169 1217 1245 γῆς.
1255 1165 1418 1246 βοηθήσας
1440 1164 1475 1228 δὲ
1497 1164 1653 1242 Ἡρακλῆς
1676 1162 1841 1229 ἀπέκτεινε
1865 1163 2012 1243 Κόρωνον

334 1269 410 1347 μετὰ
448 1267 573 1345 ἀλλων,
611 1269 662 1332 καί
698 1269 757 1347 τήν
791 1271 850 1346 γῆν
882 1267 1012 1333 ἅπασαν
1045 1267 1215 1348 ἐλευθέραν
1249 1266 1416 1345 ἐποίησεν·
1455 1265 1620 1330 ἀπέκτεινε
1642 1265 1678 1329 δέ
1699 1264 1749 1328 καὶ
1770 1264 1920 1344 Λαγόραν
1942 1263 2014 1345 μετὰ

333 1373 400 1436 τῶν
422 1369 562 1448 παίδων,
591 1369 725 1450 βασιλέα
747 1370 929 1449 Δρυόπων,
962 1370 996 1435 ἐν
1019 1369 1225 1448 Ἀπόλλωνος
1246 1369 1384 1448 τεμένει,
1413 1367 1564 1432 Λαπιθῶν
1587 1365 1763 1445 σύμμαχον.
1806 1365 1963 1446 παριόντα
1982 1367 2014 1430 δὲ

307 1471 447 1536 ’Ἴτωνα
474 1469 520 1550 εἰς
546 1470 743 1551 μονομαχίαν
766 1473 976 1550 προυκαλεῖτο
1005 1470 1103 1537 αὐτὸν
1127 1471 1249 1550 Κύκνος
1276 1470 1295 1535 δ
1318 1471 1440 1549 Ἄρεως
1467 1467 1517 1533 καλ
1538 1466 1718 1546 Πελοπίας·
1754 1469 1879 1548 συστὰς
1906 1469 1942 1532 δὲ
1969 1469 2015 1533 καὶ

335 1575 452 1639 τοῦτον
480 1572 676 1638 ἀπέκτεινεν.
721 1572 767 1652 ὑις
795 1574 831 1637 δέ
858 1573 903 1652 εἰς
926 1572 1091 1653 Ὀρμένιον
1117 1573 1204 1657 ῆκεν,
1233 1571 1395 1664 Ἀμύντωρ
1423 1569 1522 1635 αὐτόν
1544 1569 1563 1633 δ
1586 1569 1737 1650 βασιλεὺς
1760 1567 1820 1634 ούκ
1841 1569 1931 1635 εἴασε
1954 1570 2014 1648 μεθ’

334 1673 446 1740 ὅπλων
468 1676 630 1754 παριέναι,
658 1674 865 1754 κωλυόμενος
888 1675 923 1739 δέ
944 1678 1113 1754 παρελθεῖν
1140 1676 1190 1738 καὶ
1216 1677 1334 1738 τούτον
1357 1672 1548 1737 ἀπέκτεινεν.
1593 1669 1791 1751 ἀφικόμενος
1813 1673 1848 1736 δέ
1870 1669 1916 1750 εἰς
1939 1671 2014 1750 Τρα-

332 1779 406 1854 χῖνα
433 1777 585 1855 στρατιὰν
613 1775 664 1840 ἐπ’
685 1775 836 1855 Οἰχαλίαν
862 1776 1087 1856 συνήθροισεν,
1116 1776 1260 1857 Εὔρυτον
1287 1772 1529 1854 τιμωρήσασθαι
1551 1775 1666 1838 θέλων.
1711 1772 1969 1853 συμμαχούντων
1988 1774 2014 1836 δ’

334 1878 495 1957 Ἀρκάδων
518 1878 605 1962 αὐτῷ
628 1877 678 1941 καὶ
701 1877 851 1956 Μηλιέων
873 1884 939 1944 τῶν
961 1878 996 1943 ἐκ
1018 1878 1176 1958 Τραχῖνος
1199 1877 1249 1942 καλ
1270 1877 1403 1955 Λοκρῶν
1426 1878 1491 1940 τῶν
1515 1875 1768 1955 Ἐπικνημιδίων,
1796 1875 1919 1954 κτείνας
1942 1874 2014 1955 μετὰ

332 1982 399 2044 τῶν
420 1978 545 2044 παίδων
562 1978 717 2058 Εὔρυτον,
740 1978 821 2060 αἱρεῖ
841 1981 899 2059 τῆν
922 1980 1026 2056 πόλιν,
1048 1980 1099 2043 καλ
1120 1979 1228 2059 θάψας
1250 1982 1316 2042 τῶν
1339 1979 1401 2043 σύν
1424 1976 1510 2062 αὐτῷ
1534 1978 1823 2056 στρατευσαμένων
1844 1978 1923 2056 τοὺς
1938 1975 2013 2041 ἀπο·
2104 2025 2106 2030 .

333 2081 509 2160 θανόντας,
531 2081 691 2146 Ἵππασον
713 2079 771 2146 τόν
795 2081 932 2164 Κήύκος,
956 2082 1005 2146 καὶ
1027 2082 1173 2160 Ἀργεῖον
1195 2082 1245 2144 καὶ
1267 2080 1416 2156 Μέλανα,
1438 2080 1515 2158 τοὺς
1538 2078 1706 2159 Λικυμνίου
1728 2083 1863 2161 παῖδας,
1891 2078 1943 2143 καλ
1963 2080 2014 2142 λα-

333 2183 575 2264 φυραγωγήσας
598 2184 656 2262 τήν
679 2182 790 2259 πόλιν,
818 2181 894 2261 ἦγεν
925 2183 1024 2262 Ἰόλην
1048 2181 1257 2263 αἰχμάλωτον.
1300 2183 1352 2244 καὶ
1377 2181 1629 2260 προσορμισθεὶς
1653 2181 1777 2266 Κηναίῳ
1798 2185 1856 2259 τῆς
1879 2179 2014 2259 Εὐβοίας

332 2285 518 2367 ἀκρωτηρίῳ
547 2285 629 2363 Διὸς
658 2283 794 2364 Κηναίου
821 2283 909 2364 ἱερὸν
936 2285 1100 2364 ἱδρύσατο.
1149 2283 1274 2363 μέλλων
1302 2283 1336 2346 δέ
1363 2281 1540 2361 ἱερουργεῖν
1569 2283 1688 2361 κήρυκα
1719 2282 1842 2362 έπεμψε
1870 2269 2015 2362 λαμπρὰν

334 2387 454 2464 ἐσθῆτα
476 2384 620 2451 οἴσοντα.
666 2385 753 2467 παρὰ
778 2385 895 2450 τούτου
923 2386 958 2450 δέ
985 2387 1025 2451 τὰ
1052 2386 1124 2465 περὶ
1145 2387 1202 2464 τῆν
1226 2384 1325 2462 Ἰόλην
1343 2373 1519 2463 Δηιάνειρα
1540 2384 1718 2463 πυθομένη,
1747 2385 1797 2448 καὶ
1818 2383 1957 2449 δείσασα
1977 2385 2015 2463 μῆ

332 2488 430 2554 πάλιν.
455 2488 578 2567 ἐκείνην
606 2486 774 2570 ἀγαπήσῃ,
801 2488 965 2568 νομίσασα
991 2493 1028 2572 τῆ
1057 2487 1185 2568 ἀληθείᾳ
1212 2485 1348 2566 φίλτρον
1377 2483 1458 2551 εἶναι
1479 2484 1517 2549 τὸ
1540 2484 1614 2563 ῥυὲν
1637 2485 1712 2564 αίμα
1735 2485 1883 2560 Νέσσου,
1911 2485 2015 2569 τούτῳ

332 2590 390 2654 τὸν
417 2593 536 2669 χιτῶνα
563 2589 699 2668 ἔχρισεν.
743 2588 790 2666 ὑις
817 2590 853 2654 δὲ
879 2589 1113 2669 θερμανθέντος
1140 2591 1199 2652 τοὺ
1225 2593 1364 2668 χιτῶνος
1392 2586 1411 2650 δ
1439 2585 1488 2666 ἰὸς
1515 2590 1572 2665 τῆς
1596 2586 1694 2666 ὕδρας
1717 2565 1858 2669 ιβθίετο,
1880 2586 1940 2652 τόν
1963 2588 2017 2665 μέν

333 2691 430 2770 Λίχαν
453 2691 635 2771 κατέβαλεν,
658 2689 703 2769 είς
726 2690 867 2770 Τραχῖνα
887 2691 923 2755 δέ
945 2689 996 2754 ἐπί
1017 2691 1102 2770 νεὼς
1125 2689 1287 2769 κομίζεται.
1331 2689 1507 2767 Δηιάνειρα
1527 2689 1564 2752 δέ
1578 2687 1774 2768 ἀχθεσθεῖσα
1788 2689 1906 2767 ἑαυτὴν
1923 2689 2016 2767 ἀνήρ·
2057 2745 2059 2750 .

332 2808 439 2871 τησεν.
481 2792 637 2871 Ἡρακλῆς
660 2793 695 2856 δὲ
717 2790 938 2870 ἐντειλάμενος
956 2793 1078 2876 Ὕλλῳ,
1102 2792 1142 2871 ὃς
1164 2791 1251 2876 αὐτῷ
1274 2791 1309 2855 ἐκ
1330 2790 1523 2870 Δηιανείρας
1545 2789 1585 2868 ήν
1607 2794 1684 2869 παῖς
1705 2791 1939 2871 πρεσβύτερος,
1960 2790 2016 2868 τῆν

333 2893 434 2972 Ἰόλην
457 2893 664 2971 ἀνδρωθέντα
685 2897 789 2972 γῆμαι,
810 2893 1074 2973 παραγενόμενος
1097 2893 1141 2971 εἰς
1164 2891 1272 2975 Οἴτην,
1296 2892 1425 2986 όιέστιν
1448 2890 1528 2971 ὄρος
1551 2892 1721 2971 Τραχῖνος,
1749 2887 1860 2970 πυρὰν
1876 2893 2017 2970 ποιήσας

334 2996 502 3061 ἐκέλευσεν
526 2996 637 3076 ἐπιβὰς
660 2994 826 3076 ὑφάπτειν.
869 2999 927 3060 τοῦ
956 2997 991 3060 δὲ
1017 2997 1058 3075 μῆ
1081 2995 1235 3072 θέλοντος
1257 2993 1361 3073 Ποίας
1382 2993 1508 3074 παριὼν
1530 2992 1581 3058 ἐπὶ
1603 2994 1733 3073 ζήτησιν
1755 2994 1914 3074 ποιμνίων
1936 2992 2018 3074 ὑφά-

333 3118 399 3178 ψας
427 3097 521 3177 έλαβε
548 3098 587 3161 τὰ
614 3096 691 3163 τόξα
717 3097 792 3176 παρ’
813 3095 912 3160 αὑτοῦ
940 3089 1073 3176 δωρεάν.
1117 3097 1286 3175 καιομένης
1308 3098 1344 3161 δέ
1364 3099 1422 3174 τῆς
1451 3097 1555 3175 πυρᾶς
1585 3095 1710 3170 λέγεται
1736 3097 1842 3178 νέφος
1869 3095 2017 3160 ὑποστὰν

333 3199 412 3278 μετὰ
434 3202 571 3280 βροντῆς
594 3198 693 3263 αὐτὸν
716 3196 761 3278 εἰς
784 3199 926 3277 οὐρανὸν
948 3197 1146 3278 ἀναπέμψαι·
1181 3198 1258 3263 ἔνθα
1279 3200 1385 3278 τυχῶν
1407 3195 1585 3274 ἀθανασίας
1607 3185 1709 3277 γήμας
1724 3198 1826 3278 Ἡβην
1841 3199 1900 3277 τῆν
1916 3198 2019 3277 Ἥρας

332 3301 489 3381 θυγατέρα
510 3303 595 3365 ποιεῖ
615 3303 732 3379 παῖδας
756 3300 936 3381 Ἀλεξιάρην
959 3301 1008 3365 καὶ
1029 3300 1200 3380 Ἀνίκητον.

1046 3523 1311 3532 -ι----

642 3692 851 3744 ΔΗΙΑΝΕΙΡΑ.
1120 3733 1121 3740 ,
1173 3697 1176 3716 ¹
1272 3690 1303 3754 ὃς
1322 3690 1360 3753 εἰς
1379 3691 1475 3755 ἀγῶνα
1491 3689 1567 3758 τῷδε
1584 3689 1739 3755 συμπεσὼν
1757 3690 1845 3758 μάχης
1996 3701 2021 3740 ιο

416 3767 505 3832 Λόγος
524 3766 574 3832 μέν
592 3766 650 3818 ἐστ’
667 3767 781 3832 ἀρχαῖος
799 3763 961 3832 ἀνθρώπων
977 3769 1077 3834 φανείς
1174 3776 1175 3789 ’
1272 3765 1401 3819 ἐκλύεταί
1419 3782 1459 3831 με.
1495 3768 1539 3818 καί
1557 3766 1667 3832 τρόπον
1686 3765 1736 3830 μέν
1753 3766 1787 3818 ἀν
1806 3767 1907 3821 πόνων

416 3844 455 3906 ῶς
473 3842 525 3895 οὐκ
543 3842 577 3894 ἀν
596 3840 675 3895 αἰῶν’
693 3841 820 3908 ἐκμάθοις
839 3843 957 3910 βροτῶν,
975 3845 1041 3910 πρίν
1059 3844 1093 3896 ἀν
1172 3830 1175 3939 ῳ
1271 3842 1324 3895 οὐκ
1341 3842 1375 3895 ἀν
1392 3841 1531 3905 διείποιμ’·
1550 3841 1583 3895 οὑ
1602 3841 1655 3907 γάρ
1673 3841 1738 3894 οἷδ’·
1757 3841 1820 3895 ἀλλ’
1836 3843 1914 3904 ὅστις
1932 3841 1973 3907 ῆν

417 3919 487 3987 θάνῃ
505 3935 555 3985 τις,
574 3919 634 3972 οὔτ’
652 3917 676 3971 εί
694 3919 815 3984 χρηστὸς
833 3920 893 3971 οὔτ’
911 3920 936 3974 εῐ
952 3937 994 3988 τῳ
1014 3921 1108 3984 κακόςΙ
1271 3921 1365 3970 θακῶν
1382 3917 1503 3984 ἀταρβὴς
1520 3920 1571 3983 τῆς
1589 3917 1664 3981 θέας,
1682 3917 1724 3970 ὅδ’
1741 3917 1775 3969 ἀν
1793 3918 1882 3982 λέγοι.Ι

415 3996 471 4059 ἐγὼ
489 3996 519 4068 δέ
536 3996 589 4047 τὸν
607 3995 685 4059 ἐμόν,
704 3995 749 4047 καλ
768 3997 833 4060 πρὶν
851 3995 891 4058 είς
908 3997 1003 4050 Ἀιδου
1022 3998 1125 4062 μολεῖν,
1270 3993 1325 4056 ἐγὼ
1344 3993 1397 4058 γὰρ
1415 3994 1489 4059 ήμην
1507 3992 1705 4060 ἐκπεπλημένη
1723 3993 1805 4061 φόβῳ

416 4071 496 4126 ἔξοιδ’
514 4072 617 4136 ἔχουσα
635 4071 757 4137 δυστυχῆ
775 4087 808 4123 τε
827 4073 871 4124 καί
889 4073 984 4138 βαρύν,
1148 4087 1159 4126 ι
1271 4069 1308 4134 μή
1327 4084 1372 4132 μοι
1388 4069 1422 4120 τὸ
1439 4069 1541 4133 κάλλος
1559 4067 1644 4133 ἀλγος
1662 4069 1768 4134 ἐξεύροι
1787 4071 1864 4125 ποτέ.
1998 4081 2023 4121 25

416 4149 477 4213 ῆτις
495 4149 602 4212 πατρός
620 4146 669 4211 μὲν
687 4147 718 4200 ἐν
735 4147 860 4210 δόμοισιν
878 4147 985 4212 Οίνέως
1268 4144 1349 4206 τέλος
1366 4144 1391 4194 δ’
1408 4143 1490 4210 ἔθηκε
1508 4144 1578 4207 Ζεὺς
1597 4144 1717 4209 ἀγώνιος
1735 4147 1837 4211 καλῶς,

415 4221 523 4274 ναίουσ’
539 4221 579 4274 ἐτ’
596 4221 626 4273 ἐν
644 4222 793 4288 Πλευρῶνι
810 4221 954 4287 νυμφείων
973 4223 1081 4290 ότλον,
1271 4219 1295 4273 εἰ
1313 4220 1346 4285 δή
1366 4223 1464 4283 καλῶς.
1494 4221 1575 4286 λέχος
1592 4221 1645 4286 γάρ
1663 4221 1793 4287 Ἡρακλεῖ
1812 4221 1910 4288 κριτὸν

418 4298 550 4360 ἀλγιυτον
568 4297 661 4365 ἔσχον,
680 4297 706 4350 εί
723 4312 764 4359 τις
783 4297 902 4360 Λίτωλλς
918 4298 999 4364 γυνή.
1270 4296 1384 4349 ξυοτᾱσ
1401 4295 1443 4348 ἀεί
1461 4299 1514 4348 τιν’
1531 4297 1561 4350 ἐκ
1579 4297 1669 4362 φόβου
1688 4298 1778 4363 φόβον
1796 4299 1905 4364 τρέφω,

415 4375 543 4440 μνηστήρ
561 4375 613 4439 γὰρ
632 4376 667 4438 ῆν
686 4390 730 4438 μοι
749 4374 882 4440 ποταμὸς,
902 4374 1042 4441 Ἀχελῷον
1060 4373 1142 4442 λέγω,
1271 4369 1363 4423 κείνου
1382 4371 1620 4438 προκηριιίνουσα·
1651 4373 1700 4426 νὺξ
1718 4373 1770 4440 γάρ
1789 4373 1894 4437 εἰσάγει

415 4449 446 4512 ός
464 4449 491 4513 μ’
508 4449 539 4500 έν
556 4450 646 4514 τρισίν
665 4453 814 4514 μορφαίυιν
831 4449 921 4515 ἐξῄτει
938 4451 1051 4516 πατρὸς,
1140 4465 1161 4503 ιιι
1270 4448 1315 4498 καί
1333 4447 1382 4499 νύξ
1399 4446 1508 4500 ἀπωθεῖ
1526 4449 1721 4515 διαδεδεγμένη
1740 4449 1840 4502 πόνον.
2000 4459 2024 4500 νυ

288 4549 292 4554 ·
347 4569 349 4574 .
416 4527 524 4588 φοιτῶν
542 4523 661 4590 ἐναργὴς
677 4527 789 4590 ταύρος,
810 4524 905 4578 ἄλλοτ’
923 4523 1018 4587 αἰόλος
1271 4521 1435 4588 κάφύσαμεν
1452 4524 1487 4590 δὴ
1505 4525 1613 4588 παῖδας.
1632 4525 1682 4588 οὑς
1700 4526 1794 4588 κεῖνός
1812 4540 1893 4590 ποτε,

306 4621 312 4636 ·
415 4600 527 4666 δράκων
546 4600 660 4665 ἑλικτάς,
679 4599 775 4652 ἄλλοτ’
792 4600 909 4668 ἀνδρείῳ
928 4602 1005 4654 κύτει
1270 4601 1356 4666 γήτης
1374 4599 1453 4662 ὅπως
1471 4599 1595 4666 ἄρουραν
1613 4600 1736 4654 ἔκτοπον
1755 4601 1859 4665 λαβὼν,

416 4675 591 4748 βούπρῳροςζ
610 4675 639 4727 ἐκ
657 4675 687 4727 δέ
705 4674 819 4729 δασκίου
836 4675 976 4739 γενειάδος
1270 4673 1394 4740 σπείρων
1413 4675 1500 4739 μόνον
1519 4677 1649 4743 προσεῖδε
1668 4677 1798 4739 κάξαμῶν
1817 4677 1900 4730 ἀπαξ.

417 4751 528 4815 κρουνοὶ
546 4749 737 4816 διερραίνοντο
755 4749 888 4817 κρηναίου
906 4755 1004 4804 ποτοθ.
1269 4753 1397 4813 τοιοθτος
1415 4749 1486 4803 αἰὼν
1504 4752 1531 4814 ἐς
1548 4752 1652 4817 δόμους
1670 4769 1702 4806 τε
1719 4752 1771 4805 κάκ
1789 4753 1888 4818 δόμων

414 4826 519 4879 τοιόνδ’
536 4827 592 4890 ἐγὼ
611 4831 757 4894 μνηστῆρα
775 4826 1000 4894 προσδεδεγμένη
1136 4842 1160 4882 15

415 4902 553 4967 δύστηνος
571 4901 613 4955 ἀεῖ
632 4906 781 4956 κατθανεῖν
800 4903 964 4970 έπηυχόμην

307 5005 315 5026 ,
417 4977 497 5045 [πριν
513 4977 599 5043 τῆσδε
618 4978 713 5046 κοίτης
731 4976 941 5044 ἑμπελασθῆναί
959 4979 1049 5045 ποιμε]Ι
1253 4966 1294 5016 23·
1319 4961 1425 5029 θακῶν]
1446 4962 1558 5060 θώκῶιν,
1583 4966 1754 5018 circumflem
1773 4983 1790 5017 a
1808 4981 1842 5018 m·
1861 4968 2026 5032 antiqniofe

415 5055 508 5122 Κρόνῳ
527 5055 553 5105 δ’
569 5055 599 5107 ἐν
616 5055 727 5122 oorlpo
747 5055 807 5121 nlo,
826 5055 931 5122 ἀσμένη
950 5055 980 5108 δέ
999 5071 1053 5121 1101»
1187 5067 1285 5132 posito.
1371 5069 1411 5117 24.
1429 5065 1516 5133 ήμην]
1535 5068 1619 5132 ήμην,
1640 5069 1754 5134 spiritus
1772 5084 1854 5134 asper
1873 5084 1890 5118 τι
1909 5085 1949 5122 m.
1970 5085 2026 5120 reo.

415 5131 431 5182 δ
450 5131 557 5194 κλεινὸς
574 5133 644 5198 ήλθε
662 5132 754 5199 Ζηνός
774 5131 930 5198 Ἀλκμήνης
947 5146 979 5184 τε
998 5135 1074 5195 παῖς·
1253 5137 1295 5184 24.
1313 5137 1353 5186 25.
1373 5135 1497 5186 secludit
1515 5137 1667 5190 Dobraeus.
1753 5137 1793 5186 28.
1811 5134 1951 5188 *ioordo'
1970 5135 2025 5202 ἀεί]

1186 5202 1318 5255 ξυνστάσ’
1335 5198 1389 5254 olei
1479 5203 1520 5256 30.
1539 5201 1764 5268 *διαδεδεγμένη]
1784 5201 1956 5270 διαδεγμένη

1186 5273 1226 5325 32.
1245 5268 1345 5337 γῆτης]
1365 5269 1475 5335 γήιτησ,
1495 5287 1549 5322 non
1561 5269 1663 5337 γηίτησ
1731 5274 1772 5321 34.
1790 5269 1830 5337 ἐς]
1849 5267 1898 5334 είς.
1937 5271 1969 5336 ἐς
1982 5271 2028 5326 καί

399 5338 423 5390 θ,
442 5333 579 5401 δόμοισιν]
598 5334 703 5402 δόμοιο,
723 5352 749 5388 ιν
768 5352 785 5386 α
802 5353 836 5388 m.
850 5353 889 5404 pr.
908 5335 1010 5388 addito.
1080 5339 1102 5389 7,
1120 5336 1161 5390 ἔτ’
1185 5339 1303 5403 simplex
1325 5339 1370 5390 vel
1393 5339 1422 5387 in
1445 5341 1603 5404 compositis
1627 5343 1692 5390 ante
1716 5339 1813 5390 literas
1832 5351 2028 5392 consonantes

332 5403 440 5457 addidit
461 5404 626 5456 Erfurdtius.
727 5403 903 5470 *νυμφείων]
928 5401 1059 5468 νυμφίων
1186 5406 1304 5466 restitui,
1323 5407 1420 5472 partim
1440 5407 1577 5458 Brnnckio
1596 5413 1758 5473 praeeunte,
1776 5407 1821 5458 hic
1834 5414 1863 5458 el
1882 5411 1948 5460 376.
1967 5411 2027 5461 637.

332 5470 430 5537 ότλον]
452 5470 537 5522 όκνον
555 5489 613 5522 eum
631 5487 677 5536 γρ.
691 5470 778 5526 ότλον
798 5473 882 5524 schol.
952 5474 976 5522 8.
994 5471 1091 5538 ἔσχον]
1110 5472 1159 5538 ἔσχ
1185 5476 1335 5526 704.’1179.
1403 5473 1431 5536 ές
1449 5482 1514 5526 ante
1533 5483 1715 5528 consonantes
1732 5491 1787 5528 non
1805 5491 1867 5526 raro
1887 5478 1982 5528 etiam
2000 5478 2029 5526 in

332 5542 360 5591 in
380 5543 471 5592 litura.
575 5543 615 5590 12.
634 5540 711 5592 κύτει
729 5539 894 5607 βούπρῳρος
912 5557 945 5590 ex
965 5541 1100 5592 Strabone
1117 5544 1159 5593 ¹10.
1187 5542 1290 5604 codiee,
1309 5542 1385 5592 velut
1405 5544 1460 5592 148.
1478 5545 1535 5596 263.
1555 5546 1613 5595 411.
1631 5546 1689 5594 417.
1706 5545 1764 5594 442.
1784 5545 1842 5594 610.
1863 5546 1942 5598 1067.
1974 5543 2028 5596 είσ-

332 5627 357 5676 ρ.
374 5607 445 5674 458]
464 5607 547 5672 τύπῳ
567 5607 721 5673 βούκρανος
792 5613 829 5659 16.
848 5606 970 5674 ἀελ]αίελ
1040 5608 1157 5674 ἐπηυχό-
1187 5608 1279 5660 ελθὼν
1303 5626 1351 5675 pro
1375 5609 1501 5662 ἐσελθὼν
1525 5627 1584 5661 cum
1610 5613 1690 5662 metri
1711 5611 1780 5662 vitio
1804 5616 1848 5662 est
1873 5613 1901 5661 in
1926 5613 2028 5664 codiee

332 5693 386 5742 μην
405 5675 451 5742 D.]
470 5674 629 5740 ἐπευχόμην
699 5680 737 5728 17.
756 5677 876 5728 seclusit
894 5677 1037 5742 Bergkius.
1188 5679 1260 5730 1167.
