4402 6610
465 1485 922 1584 ΣΟΦΟΚΛΕΟΥΣ
951 1483 1276 1581 ΟΙΔΙΠΟΤΣ
1305 1483 1425 1580 ΕΠΙ
1450 1479 1769 1578 ΚΟΛΩΝΩι.

727 1959 795 2034 ΤΑ
821 1959 928 2035 TOT
954 1957 1233 2035 ΔΡΑΜΑΤΟΣ
1259 1955 1510 2033 ΠΡΟΣΩΠΑ

542 2166 734 2217 οιιιιπουυ.
1121 2164 1124 2187 ¹
1170 2164 1333 2218 σαυππε.

540 2250 740 2302 λιιίιυοιιιι.
1120 2298 1122 2309 ,
1169 2249 1301 2300 πειρον.

541 2331 674 2392 Ξιιιιου.
1119 2316 1122 2425 l
1169 2333 1426 2385 πολυναικιιε.

541 2421 664 2471 ΧΟΡΟΣ
684 2414 849 2472 ΑΤΤΙΚΩΝ
867 2419 1075 2471 ΓΕΡΟΝΤΩΝ.
1167 2419 1346 2470 ΑΓΓΕΑΟΣ.

540 2505 699 2556 ΙΣΜΗΝΗ.

931 2876 1310 2952 inomni

357 3078 393 3141 ‘O
417 3077 467 3141 έπὶ
492 3079 633 3161 Κολωνῷ
658 3078 811 3156 Οἰδίπους
835 3082 1039 3159 συνημμένος
1062 3082 1134 3158 πώς
1157 3081 1293 3164 ἐστιτῷ
1317 3076 1526 3144 ΤΥΡΑΝΝΩΙ.
1575 3078 1633 3155 τῆς
1660 3075 1722 3155 γὰρ
1744 3073 1898 3152 πατρίδος
1921 3069 1976 3134 ἐκ-

273 3179 386 3244 πεσὼν
417 3179 435 3242 ὁ
466 3179 620 3256 Οἰδίπους
647 3180 706 3260 ἤδη
735 3182 864 3260 γεραιὸς
894 3182 941 3248 ὢν
970 3181 1146 3262 ἀφικνεῖται
1175 3182 1220 3260 εἰς
1250 3183 1401 3262 Ἀθήνας,
1432 3179 1495 3243 ὑπὸ
1523 3181 1580 3256 τῆς
1604 3177 1763 3256 θυγατρός
1786 3173 1975 3252 Ἀντιγόνης

272 3282 588 3360 χειραγωγούμενος·
632 3281 716 3360 ήσαν
745 3281 826 3361 γάρ“’
854 3287 920 3348 τῶν
950 3283 1100 3363 ἀρσένων
1129 3286 1200 3364 περὶ
1222 3286 1280 3350 τόν
1307 3283 1429 3362 πατέρα
1451 3279 1749 3360 φιλοστοργότεραι.
1794 3276 1975 3356 ἀφικνεῖται

273 3385 308 3446 δὲ
331 3383 376 3460 εἰς
399 3385 533 3462 Ἀθήνας
556 3385 635 3447 κατὰ
658 3385 896 3464 πυθόχρηστον,
920 3386 967 3464 ῶς
990 3385 1089 3465 αὐτός
1113 3403 1204 3469 φησι,
1229 3387 1368 3466 χρησθὲν
1391 3383 1478 3468 αὐτῷ
1503 3383 1590 3462 παρὰ
1612 3384 1682 3459 ταῖς
1706 3382 1840 3458 σεμναῖς
1856 3379 1974 3442 καλου-

272 3486 382 3562 μέναις
410 3489 496 3563 θεαῖς
524 3487 711 3563 μεταλλάξαι
738 3487 796 3552 τὸν
825 3486 903 3566 βίον.
948 3488 985 3551 τό
1014 3489 1070 3566 μὲν
1099 3487 1158 3553 οὖν
1188 3494 1320 3568 πρῶτον
1342 3485 1678 3567 γέροντεςέγχώριοι,
1700 3483 1732 3547 ἐξ
1757 3481 1805 3545 ὧν
1828 3481 1846 3544 6
1869 3479 1974 3558 χορός

272 3587 462 3670 συνέστηκε,
486 3588 661 3666 πυθόμενοι
684 3589 897 3667 συνέρχονται
925 3590 975 3653 καὶ
1003 3590 1204 3665 διαλέγονται
1231 3590 1315 3669 πρὸς
1338 3587 1447 3653 αὐτόν.
1494 3587 1603 3651 ἔπειτα
1625 3587 1660 3650 δὲ
1683 3585 1808 3663 Ἰσμήνη
1831 3601 1974 3662 παραγε-

272 3689 390 3768 νομένη
413 3690 452 3753 τὰ
475 3691 553 3754 κατὰ
575 3691 632 3769 τήν
656 3690 773 3756 σ’τάσιν
796 3691 989 3767 ἀπαγγέλλει
1011 3695 1076 3756 τῶν
1099 3693 1225 3757 παίδων
1247 3694 1297 3756 καὶ
1320 3693 1378 3768 τήν
1401 3689 1578 3768 γενομένην
1602 3687 1709 3778 ἀφιξιν
1732 3689 1790 3751 τοῦ
1809 3685 1974 3765 Κρέοντος
2025 3689 2033 3694 “

271 3791 356 3869 πρὸς
384 3790 498 3856 αὐτόν·
536 3793 575 3870 ὃς
603 3793 653 3856 καὶ
681 3794 946 3873 παραγενόμενος
976 3794 1027 3858 ἐπὶ
1056 3799 1101 3878 τῶ
1131 3793 1262 3870 ἀγαγεῖν
1290 3793 1389 3858 αὐτόν
1424 3791 1469 3870 εἰς
1498 3789 1645 3856 τούπίσω
1676 3788 1842 3869 ἄπρακτος
1870 3786 1975 3850 ἀπαλ-

272 3892 425 3955 λάττεται.
475 3893 494 3956 6
523 3895 558 3958 δὲ
587 3895 670 3973 πρὸς
698 3895 756 3959 τόν
784 3895 896 3974 Θησέα
929 3897 1065 3961 διελθὼν
1100 3897 1157 3962 τόν
1186 3897 1332 3976 χρησμὸν
1364 3894 1450 3958 οὕτω
1473 3894 1530 3959 τόν
1555 3892 1624 3972 βίον
1647 3891 1861 3970 καταστρέφει
1883 3887 1976 3966 παρὰ

248 3997 341 4071 Ιταῖς
364 3997 459 4072 θεαῖς.

358 4096 403 4160 Τό
426 4097 461 4158 δὲ
483 4097 586 4175 δρᾶμα
608 4100 674 4161 τῶν
696 4103 904 4178 θαυμαστῶν·
943 4099 961 4162 6
985 4101 1034 4164 καί
1056 4099 1115 4179 ἤδη
1138 4101 1324 4178 γεγηρακὼς
1347 4099 1365 4162 6
1391 4100 1565 4179 Σοφοκλῆς
1589 4095 1734 4178 ἐποίησε,
1759 4092 1974 4176 χαριζόμενος

276 4197 316 4262 οὐ
344 4197 446 4276 μόνον
476 4203 513 4281 τῇ
537 4198 677 4276 πατρίδι,
700 4199 782 4264 ἀλλὰ
804 4204 853 4265 καί
874 4207 921 4284 τῶ
945 4203 1060 4266 ἑαυτοῦ
1084 4203 1172 4283 δήμῳ
1196 4200 1248 4282 (ήν
1271 4202 1334 4279 γὰρ
1358 4201 1571 4279 Κολωνῆθεν),
1597 4197 1684 4263 ὥστε
1705 4198 1764 4263 τόν
1787 4198 1844 4277 μὲν
1867 4199 1973 4274 δῆμον

275 4300 432 4378 ἐπίσημον
456 4298 633 4376 ἀποδεῖξαι,
659 4301 853 4381 χαρίσασθαι
875 4305 910 4366 δέ
933 4304 1044 4368 καὶτὰ
1066 4304 1199 4383 μέγιστα
1220 4307 1290 4382 τοῖς
1314 4302 1503 4384 Ἀθηναίοις,
1538 4303 1577 4365 δι’
1600 4299 1648 4365 ὼν
1671 4299 1875 4379 ἀπορθήτους
1899 4297 1978 4362 ἔσε-

274 4408 349 4466 σθαι
375 4402 425 4465 καὶ
453 4405 519 4465 τῶν
553 4400 678 4481 ἐχθρῶν
712 4403 832 4483 αὐτοὺς
866 4407 1035 4484 κρατήσειν
1069 4405 1252 4471 ὑποτίθεται
1288 4405 1307 4468 6
1341 4405 1514 4484 Οἰδίπους,
1551 4407 1809 4484 προαναφωνῶν
1841 4399 1892 4492 καὶ
1926 4399 1980 4462 ὅτι

273 4504 545 4569 διαστασιόσουσι
573 4504 657 4582 πρὸς
687 4505 848 4586 Θηβαίους
877 4509 956 4571 ποτέ
984 4509 1033 4571 καί
1059 4507 1185 4572 τούτων
1213 4509 1432 4588 κρατήσουσιν
1460 4506 1495 4570 ἐκ
1523 4509 1677 4585 χρησμῶν
1705 4504 1757 4568 διὰ
1779 4504 1836 4568 τόν
1865 4501 1979 4581 τάφον

276 4625 385 4668 αυτου.

357 4709 392 4770 Ἡ
423 4709 524 4786 σκηνή
552 4711 610 4772 τοῦ
639 4709 800 4787 δράματος
829 4709 991 4774 ὑπόκειται
1018 4711 1054 4775 έν
1081 4717 1118 4795 τῇ
1146 4712 1263 4796 Ἀττική
1293 4712 1328 4774 ἐν
1356 4717 1402 4796 τῷ
1424 4709 1524 4794 ἱππίῳ
1550 4712 1704 4794 Κολωνῷ,
1727 4708 1812 4788 πρὸς
1834 4710 1981 4790 τήν-ναῶ

272 4811 340 4872 τῶν
363 4812 502 4885 σεμνῶν.
546 4810 565 4873 6
588 4811 623 4873 δὲ
645 4811 746 4889 χορός
770 4811 968 4891 συνέστηκεν
991 4813 1023 4880 ἐξ
1046 4813 1221 4892 Ἀθηναίων
1245 4812 1385 4892 ἀνδρῶν.
1430 4812 1614 4891 προλογίῑει
1637 4799 1798 4888 Οἰδίπους.

297 5017 576 5026 -.-----.-.....

358 5162 368 5186 ⁵
395 5155 437 5204 De
456 5155 611 5218 argumenti
636 5153 855 5218 expositionibus
873 5153 928 5216 his,
955 5168 1023 5217 quas
1042 5152 1131 5204 codici
1150 5155 1340 5205 Laurentiano
1360 5153 1504 5217 debemus,
1523 5153 1587 5204 νίιίο
1607 5167 1677 5218 quae
1697 5151 1725 5201 in
1744 5150 1985 5202 annotationibus

275 5221 311 5272 αι1
330 5221 435 5272 scholia
454 5222 572 5273 diximus
589 5221 642 5271 vol.
661 5225 685 5270 ⁶2.
706 5237 730 5285 p.
752 5223 867 5272 14-18.

359 5306 371 5341 b
395 5305 468 5370 ήσαν
486 5304 551 5369 γὰρ]
576 5305 719 5356 Excidisse
739 5305 850 5356 videtur
867 5303 895 5357 αί
914 5304 1072 5371 θυγατέρες,
1092 5309 1144 5358 nisi
1163 5308 1350 5374 negligentius
1368 5307 1477 5357 loeutus
1495 5305 1547 5356 hoc
1565 5322 1598 5356 ex
1618 5306 1802 5371 praecedente
1820 5305 1873 5367 τῆς
1892 5304 1985 5366 θυγα-

274 5373 339 5438 τρός
357 5375 450 5440 colligi
469 5373 567 5438 voluit,
586 5390 634 5438 pro
653 5375 872 5439 quoBi·unckius
890 5375 951 5438 μιάς
969 5376 1028 5424 τῶν
1046 5375 1212 5440 θυγατέρων
1231 5378 1351 5442 scripsit,
1371 5382 1402 5425 ut
1419 5375 1492 5424 infra
1510 5374 1611 5439 legitur
1629 5377 1658 5423 in
1667 5375 1836 5439 ligamento
1848 5371 1986 5424 Salustii.

1025 5581 1166 5589 ..-.-.-.-.--
1174 5583 1184 5589 .
1198 5581 1224 5589 --1
