4272 6596
1737 603 1788 608 -.-
1819 601 1962 610 -—.—.-.

344 502 405 564 180
898 501 1233 553 ιιπΣίοοιιιονΣ
1263 499 1476 551 πλονίοιῖ.

410 655 485 719 πλὴν
497 651 747 718 ἀποπατησόμενοί
758 668 790 716 γε
803 654 885 705 πλεῖν
897 655 914 718 ἢ
928 653 1025 717 μόριοι.
1263 651 1301 704 ἵν’
1314 653 1388 716 ἔχων
1401 657 1512 718 προηγῇ
1524 655 1566 718 τῷ
1576 653 1633 717 θεῷ
1644 651 1686 702 σιί.
1710 652 1757 701 ΙΕ.
1768 649 1840 702 πάνυ
1849 651 1896 713 μέν
1905 650 1947 703 οῦν
1960 665 1996 705 ιυι

344 731 399 780 ΧΡ.
412 729 516 782 οὔκουν
527 729 563 781 τά
575 728 742 793 νομιζόμενα
754 728 789 781 σὺ
801 728 915 779 τούτων
927 727 1088 792 λαμβάνεις;
1124 739 1172 778 ιιω
1266 728 1334 793 δρᾶν
1346 730 1437 780 ταυτα
1449 727 1510 793 χρή.
1535 730 1590 779 KP.
1604 727 1657 779 τόν
1668 726 1804 778 Πλοῦτον
1816 726 1867 778 ἔξω
1884 741 1921 788 τις
1934 727 1996 780 ιόλει

342 806 387 856 ΙΕ.
408 804 459 856 τόν
472 802 523 855 οὖν
534 802 590 856 Δία
601 803 653 856 τὸν
666 806 782 868 σωτῆρα
795 802 898 865 καδτός
911 803 1042 867 μοιδοκῶ
1073 837 1075 844 ·
1199 807 1252 860 ΓΡ.
1265 803 1322 866 ἐγὼ
1335 803 1365 856 δέ
1376 801 1404 855 τί
1416 807 1503 867 ποιως
1529 805 1585 854 ΧΡ.
1598 803 1648 864 τὰς
1660 801 1773 868 χύτρας,
1786 799 1828 864 αίς
1837 803 1889 855 τόν
1898 803 1954 855 θεόν

409 880 514 946 χαίρειν
527 878 610 941 ἐόσας
623 878 716 931 ἐνθάδ’
727 879 816 930 αὐτοῦ
828 881 1002 942 καταμενεῖν.
1266 879 1441 945 ἱδρυσόμεθα,
1455 879 1570 943 λαβοθσ’
1581 878 1627 931 ἐπί
1639 881 1690 944 τῆς
1703 879 1827 943 κεφαλῆς
1838 878 1903 943 φέρε

341 957 396 1008 XP.
409 954 513 1020 θάρρει·
532 957 626 1016 καλῶς
638 955 716 1007 ἔσται
727 954 789 1020 γὰρ,
802 955 838 1018 ὴν
850 954 914 1017 θεὸς
927 954 1003 1022 θέλῃ.
1266 958 1387 1018 σεμνῶς·
1408 955 1510 1018 ἐχουσα
1522 955 1547 1006 δ’
1558 955 1643 1018 ἦλθες
1655 953 1727 1019 αὐτὴ
1741 951 1859 1006 ποικίλα.

408 1029 536 1092 ὁΖεὺςό
549 1032 646 1096 σωτὴρ
658 1029 711 1094 γίιρ
724 1029 857 1094 πάρεστιν
870 1029 978 1094 ἐνθάδε,
1197 1032 1252 1083 ΓΡ.
1265 1027 1307 1080 ὧν
1319 1029 1344 1081 δ’
1355 1029 1449 1082 οὕνεκ’
1460 1029 1562 1094 ἦλθον,
1588 1031 1643 1082 XP.
1655 1028 1749 1082 πάντα
1761 1041 1806 1081 σοι
1818 1027 1973 1094 πεπράξεται

407 1105 566 1170 αὐτόματος
577 1107 665 1171 ἢκων.
701 1109 747 1158 m.
760 1104 844 1158 πάντ’
855 1105 945 1169 ἀγαθὰ
956 1104 1052 1158 τοίνυν
1065 1105 1160 1168 λέγεις.
1264 1106 1323 1172 ἥξει
1334 1105 1573 1171 γόρόνεανίσιιος
1586 1107 1625 1168 ιός
1637 1106 1665 1159 α’
1676 1105 1715 1169 είς
1727 1105 1855 1171 ἐσπέραν.
1964 1119 1997 1158 ιιι

340 1187 395 1236 XP.
410 1182 587 1248 ίδρυσόμεσθ
599 1180 700 1234 αὐτίκα
711 1181 783 1246 μάλ’,
796 1181 868 1236 ἀλλὰ
880 1181 1019 1247 περίμενε,
1123 1195 1171 1234 ιινι
1198 1184 1252 1234 ΓΡ.
1264 1180 1326 1232 ἀλλ’
1338 1179 1363 1232 εί
1374 1195 1406 1242 γε
1419 1181 1512 1244 μέντοι
1524 1183 1559 1248 νὴ
1571 1182 1617 1235 Δί’
1628 1182 1715 1248 ἐγγυᾷ
1726 1181 1761 1234 σὺ
1774 1196 1819 1244 μοι

407 1259 459 1311 τὸν
471 1257 612 1324 ΠλοὈτον,
625 1257 714 1323 οὕπερ
727 1257 867 1323 πρότερον
880 1258 916 1323 ἢν
929 1257 1081 1323 ἱδρυμένος,
1265 1258 1340 1321 ἥξειν
1353 1255 1461 1309 ἐκεῖνον
1474 1257 1513 1320 ὡς
1525 1258 1577 1323 ἔμ’,
1591 1255 1662 1310 οἴσω
1674 1259 1724 1319 τὰς
1736 1257 1846 1322 χύτρας.

407 1335 459 1385 τὸν
472 1332 661 1396 ὀπισθόδομον
674 1332 716 1385 ἀεί
730 1328 884 1398 φυλόττων
896 1336 946 1398 τῆς
958 1335 1033 1386 θεοῦ.
1199 1335 1253 1384 XP.
1265 1333 1311 1385 καί
1324 1334 1379 1398 μὴν
1392 1333 1465 1385 πολὺ
1478 1337 1538 1386 τῶν
1549 1333 1647 1386 όλλων
1659 1336 1771 1399 χυτρῶν
1783 1331 1914 1385 τάναντία

407 1409 469 1462 ἀλλ’
481 1408 589 1462 ἐκδότω
600 1425 642 1472 τις
653 1409 735 1474 δείλρο
747 1409 830 1476 δᾷδας
842 1408 975 1474 ἡμμένας,
1265 1408 1347 1461 αὗται
1360 1411 1482 1462 ποιοῦσι·
1500 1413 1561 1473 ταῖς
1572 1409 1621 1474 μέν
1633 1407 1729 1472 ἄλλοις
1740 1408 1794 1474 γὰρ
1806 1409 1914 1474 χύτραις
1964 1421 2000 1462 ωε

424 1503 429 1520 ·
1263 1485 1281 1548 ἡ
1295 1488 1381 1550 γραός
1393 1484 1491 1538 ἔπεστ’
1501 1484 1651 1551 ἀνωτάτω,
1663 1485 1767 1552 ταύτης
1779 1485 1811 1537 δέ
1822 1487 1874 1536 νῦν

1262 1564 1314 1628 τῆς
1325 1561 1411 1627 γραός
1423 1561 1561 1627 ἐπιπολῆς
1573 1562 1679 1615 ἐπεισιν
1692 1561 1719 1614 πί
1731 1561 1838 1627 χύτραι.

289 1620 291 1626 ·
342 1601 414 1650 1187.
438 1577 621 1660 καταμενεῑνῘ
643 1594 808 1658 καταμένειν
821 1598 851 1646 V.
888 1593 1079 1658 καμμένεινίὶ.

343 1670 416 1716 1191.
429 1663 607 1730 ίδρυσόμεσθ
620 1662 664 1728 D.]
678 1664 856 1728 ίδρυσόμεσθ’
867 1661 918 1715 οὖν
932 1666 955 1714 R
968 1663 1071 1782 οίίἰιὲυο
1084 1663 1170 1712 multi.
1197 1640 1253 1689 XO‘
1266 1631 1360 1690 οὐκέτι
1369 1636 1466 1690 Τοίνυν
1476 1637 1551 1701 είκὸς
1565 1637 1676 1703 μέλλεῑν
1685 1637 1746 1690 Οὐδ’
1758 1638 1841 1702 ἡμᾶς,
1853 1637 2001 1702 ἀλλ’ἀίθίίέ

339 1737 373 1786 In
386 1735 449 1785 aliis
461 1730 621 1798 ἱδρυσόμεθ’
632 1729 692 1782 οὖν.
773 1730 873 1784 αὐτίκα
887 1730 959 1795 μάλ’,
972 1729 1024 1782 ἀλλ
1044 1729 1055 1796 ]
1069 1728 1167 1793 αὐτίκ’,
1293 1718 1354 1781 Ρίῖν
1434 1747 1438 1760 ι

340 1801 412 1854 αιιο
429 1803 491 1853 mni
509 1803 678 1852 recentiores
690 1799 822 1864 nonnulli,
839 1801 868 1850 in
881 1801 980 1866 quibus
994 1800 1080 1850 παπ
1097 1798 1168 1884 [nnn-
1263 1789 1291 1852 ἐς
1307 1790 1474 1843 τοῦπισθεν·
1504 1792 1545 1844 δεῖ
1563 1791 1617 1857 γὰρ
1639 1792 1759 1844 κατόπιν
1779 1791 1891 1844 τούτων
1909 1793 2002 1858 ᾄδοντα

341 1867 526 1933 σόμεσθόὖν.
1298 1865 1420 1919 ἕπεσθαι.
