4402 6610
940 526 1194 578 PRAEFATIO.
1847 524 1898 574 vn

209 679 304 730 aetate
331 676 436 730 eadem.
478 674 654 743 Antiquiores
681 673 779 728 ceteris
803 676 866 728 sunt
892 693 915 730 ν.
941 680 1044 730 1680-
1071 691 1131 729 esse
1161 704 1192 715 —
1219 689 1330 726 versum
1351 671 1387 725 ab
1411 686 1440 723 se
1463 643 1646 741 compositum
1667 671 1793 738 inseruit,
1822 675 1901 735 δ’πως
1931 681 1936 692 ·

211 763 283 813 1683.
304 757 341 812 uh
354 757 495 813 Wundero
514 757 611 822 notati,
631 755 661 808 et
676 770 759 823 quem
770 757 892 825 Δίδυμος
910 760 952 828 (ut
969 760 1044 814 schoa
1073 755 1158 820 ἴδοιμ’
1176 755 1317 808 ἄθαπτον·
1342 757 1375 808 οὐ
1394 757 1448 822 γὰρ
1467 756 1595 824 εἰδόμην,
1617 754 1692 809 cuius
1709 755 1793 821 hanc,
1815 755 1847 807 ut
1863 753 1901 807 vi·

209 841 308 895 lissiae
326 841 417 896 verbis
435 843 510 909 uter)
528 844 615 909 φησιν
633 842 689 894 ὑπό
707 845 768 893 τῶν
785 843 1044 912 ύπομνηματιύτῶν
1071 839 1164 906 detur,
1182 837 1348 893 seutentiam
1366 854 1426 892 csse
1444 839 1542 906 voluit,
1562 841 1670 910 optasse
1688 839 1901 908 Neoptolemum

209 931 393 982 νενοθεύσθσι
409 942 503 980 versus
515 929 555 980 46.
576 925 623 992 qui
638 927 704 992 post
720 924 806 978 verba
823 927 948 981 Ismenae
962 931 979 994 ἦ
992 930 1044 995 γὰρ
1072 925 1102 976 ut
1112 921 1247 976 Achillem
1263 923 1373 991 patrem
1390 922 1480 976 adhuc
1494 924 1663 994 insepultum
1679 923 1797 990 νιόοιού,
1820 940 1901 991 quern

209 1018 283 1076 νοεῖς
306 1013 424 1066 θάπτειν
447 1013 510 1079 σφ’,
534 1011 695 1078 ἀπόρρητον
718 1011 811 1073 πόλει;
836 1016 865 1063 et
886 1008 1043 1079 Antigonae
1072 1006 1163 1062 vivum
1180 1023 1321 1076 nunquam
1338 1006 1464 1061 vidisset:
1487 1024 1558 1077 quae
1576 1007 1721 1077 perinepte
1744 1010 1807 1062 suut
1824 1009 1902 1062 exch-

209 1113 371 1165 responsnm
388 1098 440 1149 τόν
457 1101 526 1162 γοῦν
544 1096 612 1160 ἐμόν
631 1097 675 1147 καί
693 1096 745 1148 τόν
758 1096 818 1161 σόν,
837 1097 873 1160 ἢν
891 1097 926 1150 σύ
945 1097 982 1162 μὴ
1000 1096 1042 1148 θέ-
1070 1091 1168 1159 gitata.
1198 1091 1270 1145 Nam
1286 1107 1375 1160 neque
1394 1095 1554 1163 exspectare
1571 1095 1684 1162 poterat
1694 1093 1900 1163 Neoptolemus,

208 1185 272 1252 λης,
290 1180 383 1234 illatus
402 1182 445 1234 est
460 1179 565 1234 violate
582 1178 777 1248 stichomythia
1070 1193 1124 1244 quc
1142 1179 1268 1246 tempore
1286 1176 1398 1246 Sigeum
1416 1179 1489 1232 esset
1505 1179 1714 1248 perventurus,
1725 1179 1836 1248 patrem
1854 1178 1901 1232 ad·

303 1267 440 1333 όδελφόν·
460 1266 494 1319 ού
511 1267 564 1332 γάρ
581 1267 615 1331 δή
635 1267 775 1332 προδούσ’
792 1265 950 1331 άλώσομαι,
1068 1260 1122 1315 huc
1139 1261 1305 1332 insepultum
1322 1263 1420 1330 iacere,
1437 1279 1489 1318 nec
1504 1265 1616 1333 petrem
1624 1263 1763 1318 viventm
1781 1280 1902 1333 unquam

207 1351 307 1406 froude
320 1351 343 1404 si
355 1349 478 1418 quaslis
489 1349 636 1406 manresa
652 1348 867 1419 interpolatoris,
885 1365 1041 1418 quempro·
1070 1363 1098 1400 se
1121 1346 1222 1402 vidisse
1248 1363 1352 1416 negare
1372 1349 1496 1418 poterat,
1522 1348 1574 1403 nisi
1596 1347 1657 1416 quis
1678 1348 1814 1402 Achillem
1841 1365 1901 1400 cum

207 1435 322 1489 nomina
339 1439 391 1490 τόν
409 1437 478 1502 ἐμόν
496 1439 525 1489 et
542 1439 594 1489 τόν
612 1438 664 1491 σόν
682 1435 741 1490 sine
759 1433 941 1489 substantivo·
949 1433 1043 1503 posita
1069 1431 1191 1485 exercitu
1200 1430 1229 1484 in
1238 1448 1336 1502 agrum
1347 1432 1497 1488 Troianum
1509 1451 1538 1487 se
1548 1433 1695 1488 contulisse
1706 1433 1809 1500 credat
1826 1433 1902 1486 ante·
1963 1443 1967 1453 ·

208 1519 395 1586 offenderant,
413 1519 488 1588 quod
506 1537 553 1574 cur
571 1519 695 1575 omiserit
710 1520 860 1590 Sophocles
878 1520 907 1573 et
925 1535 972 1572 cur
990 1521 1042 1572 τόν
1070 1531 1153 1582 quam
1163 1515 1361 1586 Neoptolemus
1378 1518 1448 1572 filius
1465 1521 1631 1588 nasceretur,
1650 1521 1679 1572 ct
1689 1517 1902 1587 Neoptolemum

209 1607 278 1671 ἐμόν
301 1608 331 1658 ct
347 1608 398 1661 τόν
417 1607 468 1660 σόν
486 1605 605 1675 repetito
629 1605 745 1659 articulo
763 1604 915 1674 scripserit,
939 1604 986 1673 qui
1004 1605 1042 1657 of·
1070 1600 1114 1654 vix
1130 1618 1229 1656 novem
1247 1617 1382 1655 annorum
1398 1619 1514 1670 puerum
1533 1620 1611 1658 arma
1627 1602 1716 1672 patris
1734 1603 1849 1668 mortui,
1868 1601 1902 1656 de

209 1690 297 1744 tendit
326 1689 528 1758 Zippmannum
557 1689 600 1758 (ιιι
626 1692 795 1750 Albeleseon
821 1691 1042 1760 Sophocleurum
1070 1687 1169 1754 quibus
1180 1686 1253 1740 infra
1265 1685 1333 1740 dicii
1343 1705 1367 1740 v·
1379 1693 1447 1755 362„
1465 1688 1500 1741 ab
1510 1688 1614 1749 tibidis
1624 1687 1794 1758 repetivisse·
1817 1687 1902 1740 Acce·

208 1779 372 1844 specimine,
395 1774 508 1830 Bonnac
527 1775 601 1828 edito
625 1791 648 1828 a.
669 1780 742 1829 1664.
760 1793 788 1844 p.
809 1777 860 1843 l‘l.)
883 1777 912 1829 st
937 1792 985 1828 cur
1006 1778 1041 1841 ἢν
1070 1771 1111 1824 dit
1122 1770 1239 1826 adhaec
1250 1771 1337 1840 quod,
1356 1771 1377 1826 si
1389 1772 1443 1827 hoo
1454 1773 1541 1826 voluit
1556 1773 1750 1844 interpolator,
1767 1791 1822 1827 non
1835 1771 1902 1826 satis

208 1864 251 1928 σύ,
262 1863 301 1928 μὴ
319 1862 403 1930 θέλῃς
425 1859 526 1914 dixerit
546 1859 595 1912 ubi
617 1875 696 1914 versu
718 1859 758 1912 sic
775 1859 878 1928 scripto
900 1862 932 1914 ut
953 1859 1042 1914 adhuc
1070 1858 1131 1910 erat
1153 1859 1186 1910 σὺ
1208 1859 1262 1924 γάρ
1286 1857 1400 1925 εἰδόμην
1419 1855 1484 1924 dici,
1507 1857 1556 1912 sed
1578 1858 1733 1928 necessario
1757 1857 1902 1911 dicendum

209 1945 356 2014 legebatur
378 1945 471 2014 potius
493 1947 544 1999 κόν
562 1947 597 1999 σύ
617 1949 653 2012 μή
673 1947 757 2015 θέλῃς
775 1944 920 1999 dicendum
938 1946 1044 2012 luisset,
1071 1944 1131 1995 erat
1153 1944 1186 1996 ού
1209 1943 1262 2007 γάρ
1281 1945 1375 1997 ζῶντα
1398 1941 1527 2010 εἰδόμην,
1558 1942 1632 2012 quod
1649 1943 1735 1997 sensit
1751 1941 1903 1996 Meinekius

207 2047 280 2084 nunc
302 2030 414 2084 demum
435 2029 600 2100 intelligitur
623 2046 689 2084 vera
711 2029 746 2083 ab
765 2046 809 2083 me
832 2030 962 2084 restituta
980 2030 1043 2084 scri-
1070 2027 1159 2094 (Anat.
1173 2025 1301 2095 Sophocl.
1313 2029 1418 2096 p.314.)
1437 2043 1520 2094 quum
1539 2027 1693 2095 conficeret,
1712 2029 1790 2091 όπυις
1808 2029 1902 2092 ἴδοιμι·

207 2115 292 2183 puna
314 2118 367 2168 τόν
384 2121 453 2180 γοῦν
471 2117 538 2182 έμόν
562 2117 612 2168 κού
631 2118 683 2169 τόν
701 2117 766 2181 σόν,
789 2120 824 2182 ἢν
843 2119 877 2170 σὺ
896 2121 932 2184 μή
952 2119 1042 2185 θέλῃς.
1069 2115 1126 2168 zoro
1148 2113 1200 2179 γάρ
1223 2113 1257 2166 οὔ
1275 2130 1319 2165 νιν
1337 2112 1465 2181 εἰδόμην,
1489 2112 1576 2167 eiecto
1596 2112 1670 2180 quod
1686 2113 1775 2182 ipsum
1793 2127 1902 2181 quoque

206 2200 316 2254 Acerbe
342 2198 482 2270 Antigona
507 2201 632 2254 Ismenae
660 2199 784 2254 Creontis
812 2199 962 2255 vindictam
987 2218 1043 2255 mc·
1070 2197 1106 2250 ad
1123 2197 1276 2254 sententiae
1296 2195 1487 2266 integritatem
1504 2197 1690 2252 necessarium
1708 2199 1750 2251 est
1768 2199 1902 2251 άθαπτον.

207 2285 298 2340 tuenti
314 2284 357 2338 ita
373 2288 523 2354 respondet
538 2283 740 2352 utPolyuicem
758 2302 837 2339 suum
851 2287 970 2352 tanturm,
987 2303 1043 2340 non
1069 2282 1127 2337 Nec
1143 2281 1241 2336 melior
1262 2275 1469 2351 interpolatoris
1488 2283 1611 2337 condicio
1635 2282 1687 2336 erit
1705 2283 1728 2335 si
1746 2283 1780 2336 ού
1797 2284 1849 2349 γάρ
1868 2281 1903 2334 εἰ-

207 2369 333 2424 lomense
355 2370 471 2424 fratrem
493 2369 580 2436 dicut,
604 2385 653 2438 epo
675 2387 766 2428 meum
787 2373 920 2440 sepeliam
942 2381 970 2429 et
987 2390 1043 2428 non
1071 2370 1158 2436 δόμην
1175 2382 1227 2436 1110
1246 2368 1312 2421 dtl'
1329 2368 1381 2421 (11111
1399 2367 1513 2436 εἰδόμην
1530 2368 1634 2422 uiuum
1652 2367 1811 2435 1101111111,
1830 2365 1903 2433 (111011

105 2449 110 2460 ’
208 2465 299 2524 tuum,
322 2459 550 2521 situnensis,
573 2453 725 2524 eademque
748 2456 901 2510 acerbitate
924 2456 1043 2526 adpro·
1071 2453 1198 2507 secheri
1213 2469 1264 2521 per
1275 2452 1389 2520 linguae
1406 2452 1482 2521 leges
1498 2454 1594 2523 potest
1611 2453 1647 2520 et,
1666 2451 1689 2505 si
1704 2454 1806 2523 posset,
1824 2467 1904 2520 prae·
2012 2513 2017 2530 .

207 2540 282 2593 xima
300 2540 426 2594 Ismenus
449 2540 547 2606 verba,
571 2542 594 2592 ὠ
614 2541 741 2608 σχετλία,
761 2543 896 2609 Κρέοντος
919 2543 1042 2611 ἀντειρη·
1070 2540 1212 2606 posterum
1234 2538 1313 2592 foret·
1349 2538 1422 2592 Nam
1444 2541 1528 2592 61οῡ
1545 2540 1681 2602 θανόντος
1702 2538 1797 2604 ἵμερος
1821 2551 1903 2604 quem

208 2628 306 2690 ιιότος;
337 2625 500 2694 respondet,
531 2627 598 2679 ἀλλ’
619 2627 702 2680 οὐδέν
725 2628 803 2695 σύτῶ
828 2633 887 2680 τῶν
911 2629 988 2694 ἐμῶν
1011 2631 1043 2694 μ’
1071 2639 1224 2677 successum
1242 2621 1372 2676 habuerit
1390 2621 1425 2676 ab
1434 2622 1617 2692 Neoptolemo
1634 2637 1691 2676 nun
1702 2621 1755 2676 hoc
1766 2622 1836 2687 loco,
1855 2619 1903 2674 sed

209 2711 312 2778 εἴργειν
325 2711 402 2778 μέτα,
422 2709 478 2776 ιιδι,
496 2709 550 2764 nisi
560 2711 699 2764 ismenem
715 2711 817 2764 iterum
835 2711 979 2766 excludere
998 2730 1042 2766 vo·
1070 2708 1143 2762 iufra
1170 2707 1281 2761 demum
1308 2708 1369 2761 erat
1389 2706 1536 2762 dicendum
1563 2710 1593 2762 et
1614 2723 1712 2762 revera
1735 2706 1840 2760 dictum
1863 2707 1904 2758 est

208 2794 319 2862 luisset,
344 2795 434 2849 dicere
451 2795 588 2864 potuisset
605 2799 670 2850 ἀλλ’
688 2797 772 2850 ούδέν
791 2799 869 2864 αύτῷ
886 2802 947 2851 τῶν
966 2801 1043 2864 ἐμῶν
1071 2811 1094 2858 ν,
1114 2799 1171 2848 366.
1196 2809 1271 2862 seqq.
1302 2810 1335 2847 ex
1358 2792 1456 2860 quibus
1484 2791 1578 2862 colligi
1598 2794 1692 2862 potest
1718 2809 1812 2846 versus
1839 2792 1904 2861 post

208 2884 254 2934 καὶ
272 2885 334 2936 σῶν
353 2883 429 2948 μέτα.
1071 2895 1094 2931 ν.
1105 2883 1162 2932 360.
1182 2877 1275 2932 amissi
1292 2877 1364 2931 hanc
1381 2877 1464 2932 luisse
1482 2865 1657 2946 sententiam,
1677 2876 1728 2932 etsi
1739 2875 1825 2930 verba
1842 2875 1904 2945 ipse

275 2964 366 3019 Minor
392 2982 519 3018 versuum
541 2965 709 3036 spuriorum,
738 2966 840 3034 partim
866 2967 1043 3034 antiquorum
1070 2963 1206 3032 praestari
1228 2965 1381 3032 nequeunt,
1405 2966 1485 3028 όπιυς
1507 2967 1713 3033 περιστέλλοιμι
1735 2964 1787 3016 τόν
1811 2961 1903 3015 κείνου

207 3049 312 3118 partim
324 3050 520 3116 recentiorum,
533 3068 663 3105 numerus
674 3051 703 3104 in
713 3051 819 3121 Oedipo
827 3053 905 3121 Rege
917 3061 961 3106 est
972 3053 1040 3120 (667.
1069 3049 1170 3118 τάφον.
1819 3094 1823 3104 .

209 3139 558 3204 1661108612801281.)
580 3136 609 3189 in
622 3135 728 3206 Oedipo
742 3137 861 3193 Colonco
880 3141 1040 3206 (301—301.
1137 3134 1231 3189 Simile
1250 3133 1316 3203 quid
1335 3134 1362 3187 in
1381 3151 1462 3189 versu
1479 3151 1534 3188 non
1552 3134 1634 3203 longe
1653 3132 1718 3186 hinc
1735 3134 1842 3185 remoto
1861 3147 1903 3184 so

208 3225 266 3274 380.
285 3227 342 3274 381.
362 3226 512 3276 css—611.
533 3227 618 3292 1436.)
635 3223 664 3274 ιιι
681 3223 791 3277 Electra
809 3227 948 3292 (116114,
968 3229 1039 3278 1125.
1070 3219 1166 3274 cidisse
1185 3219 1295 3289 opinor,
1320 3237 1353 3274 cx
1371 3219 1514 3290 Sophoclis
1534 3221 1569 3285 et,
1587 3221 1619 3272 ut
1635 3217 1757 3284 videtur,
1782 3215 1902 3285 interpo-

209 3311 282 3359 1113.
299 3311 455 3361 14851486.
470 3311 655 3376 lbos—1507.)
672 3307 701 3360 ιιι
717 3307 872 3363 Philocteta
888 3309 1039 3376 (sii—613.
1071 3305 1164 3359 latoris
1181 3304 1272 3358 verbis
1292 3306 1454 3374 composito,
1473 3313 1530 3359 421.
1550 3303 1599 3358 ubi
1615 3303 1771 3358 Philocteta
1789 3319 1821 3356 ex
1832 3301 1903 3354 Neo-

209 3394 282 3444 1366.
307 3391 333 3445 cl
349 3393 402 3445 τόν
424 3395 520 3447 όθλιον
542 3409 627 3460 usque
650 3393 687 3446 ad
704 3395 828 3462 ἔκριναν,
856 3396 1041 3462 1442—1414.)
1068 3391 1189 3460 ptolemo
1208 3390 1329 3459 quaerit,

207 3492 302 3528 rursus
320 3477 414 3544 paullo
431 3477 521 3531 maior
538 3477 566 3530 in
585 3475 738 3532 Trachiniis
762 3482 813 3544 (64.
834 3485 973 3533 lto-162.
994 3484 1041 3532 166
1270 3479 1285 3530 ό

208 3567 379 3616 -168.170.
400 3569 457 3616 295.
476 3569 534 3617 362.
558 3566 612 3631 τὴν
630 3565 735 3631 ταύτης
758 3580 843 3632 usquo
867 3565 903 3617 ad
926 3565 1041 3632 πατέρα,
1154 3547 1180 3599 Ti
1198 3548 1239 3612 ⁶²3
1264 3547 1288 3604 ἷῡ
1309 3546 1426 3608 1111111ῑὸ6
1444 3545 1565 3608 “filiiflii
1583 3543 1664 3610 Φιιθς
1681 3544 1712 3594 τ’
1729 3543 1809 3610 ἐμὸς,

207 3653 264 3699 τοι.
289 3649 432 3702 sec-ssu.
456 3653 512 3703 σοι.
537 3653 749 3703 coenosos.
774 3657 830 3702 cn.
855 3651 1041 3716 ινα-αττ.)
1155 3633 1271 3699 Νέστωρ
1289 3635 1304 3685 ὁ
1322 3632 1427 3694 Πύλιοι
1446 3631 1533 3693 cuna

207 3730 242 3785 de
266 3730 365 3797 quibus
387 3749 442 3786 non
461 3734 587 3802 repetam
610 3750 681 3802 quae
704 3733 733 3786 in
755 3733 875 3789 editione
894 3733 1042 3788 oxoniensi
1070 3731 1114 3785 Sic
1135 3732 1204 3786 haec
1220 3732 1250 3786 in
1268 3733 1360 3788 codice
1384 3730 1500 3800 scripta,
1527 3731 1543 3783 ό
1567 3746 1636 3783 am.
1655 3745 1699 3798 pr.
1717 3726 1902 3796 superscripto

207 3817 237 3869 et
257 3815 287 3868 in
308 3817 483 3871 Praelbtione
510 3817 638 3872 editionis
659 3819 809 3888 Lipsiensis
837 3821 953 3887 quartae
977 3818 1040 3886 dixi,
1069 3819 1098 3871 et
1121 3817 1219 3886 spiritu
1236 3819 1292 3872 lsni
1310 3834 1392 3886 super
1410 3835 1433 3870 ω
1457 3815 1486 3869 ιιι
1508 3831 1637 3884 asperum
1659 3814 1774 3870 mutato,
1810 3812 1903 3866 Prima

208 3900 308 3968 quibus
330 3919 403 3956 nunc
419 3902 561 3956 addendus
578 3903 751 3959 Philoctetae
774 3922 867 3960 versus
885 3912 943 3960 661.
963 3907 1042 3968 tuor
1071 3919 1163 3956 versus
1180 3903 1267 3957 verba
1283 3905 1310 3958 τί
1328 3906 1357 3957 δ’
1376 3906 1392 3957 ό
1410 3902 1528 3965 παλαιός
1550 3917 1601 3968 per
1623 3915 1652 3952 se
1670 3899 1798 3968 spectata
1820 3897 1903 3966 aptis-
1926 3921 1930 3928 ·

207 3988 294 4052 ίδοιμ’
312 3986 452 4041 ἄθαπτον·
471 3989 504 4043 σὺ
517 3991 570 4056 γάρ
585 3990 710 4058 εἰδόμην,
729 3989 765 4043 ab
783 3990 992 4060 interpolatore,
1012 3990 1044 4042 ut
1070 3986 1137 4043 sime
1161 3989 1194 4042 de
1212 3990 1330 4044 Nestore
1352 4005 1417 4043 sene
1441 3986 1579 4052 dicuntur,
1603 3984 1731 4052 suspecta
1752 3999 1817 4037 vero
1839 3984 1904 4036 sunt

207 4070 328 4138 videtur,
347 4074 476 4127 confictus
494 4073 541 4141 qui
558 4075 656 4141 στίχου
669 4077 898 4143 ἐνόςιδιάλειμμσ,
917 4076 948 4128 ut
965 4074 1041 4128 scho·
1070 4073 1196 4143 proxima
1219 4078 1340 4140 κάγαθός
1363 4074 1445 4141 φίλος
1466 4074 1498 4126 τ’
1520 4073 1598 4138 ἐμός,
1626 4069 1703 4138 quasi
1720 4068 1819 4122 Latine
1841 4068 1902 4137 quis

208 4155 307 4210 lissiae
324 4157 401 4226 loqui
419 4157 521 4224 solent,
544 4157 573 4212 in
591 4159 661 4214 libro
680 4160 836 4228 antiquiore
855 4161 981 4215 relictum
999 4177 1042 4214 ex·
1071 4159 1146 4214 dicet
1168 4169 1247 4218 uetus
1265 4169 1292 4218 et
1310 4163 1398 4217 honus
1421 4167 1448 4216 el
1466 4161 1574 4214 amicus
1592 4173 1685 4222 meus,
1709 4154 1783 4224 quod
1801 4156 1832 4207 ut
1850 4152 1903 4207 dici

207 4241 284 4310 plere
307 4242 403 4310 vellet,
426 4260 552 4298 successu
573 4260 629 4298 non
651 4245 764 4300 meliore
788 4263 870 4315 quam
893 4245 967 4314 apud
984 4245 1043 4299 Ari-
1070 4261 1152 4313 posse
1169 4263 1251 4300 nemo
1269 4243 1393 4314 negabit,
1411 4244 1519 4298 itanon
1535 4241 1616 4296 facile
1633 4240 1787 4294 invenietur
1804 4238 1907 4307 quisic.

208 4328 375 4396 stophsnem
395 4327 425 4381 in
442 4327 545 4382 Avibus
563 4330 628 4398 post
644 4348 669 4384 v.
690 4333 839 4386 1343.·obr
861 4334 937 4386 ἐστιν
961 4333 1043 4386 ούδέν
1071 4329 1147 4398 loqui
1169 4331 1248 4385 molit
1266 4347 1349 4398 quam
1372 4331 1402 4382 ut
1424 4327 1471 4382 alii
1489 4343 1584 4381 omnes
1602 4323 1678 4394 loqui
1700 4324 1801 4391 solent,
1824 4333 1903 4382 uetus

207 4419 259 4466 τού
272 4415 406 4468 πέτεσθαι
417 4417 590 4482 γλυκύτερον
603 4414 805 4485 Aristophanes
817 4417 966 4486 Byzantius
984 4433 1042 4470 ver·
1071 4423 1098 4472 et
1115 4421 1203 4475 bonus
1222 4422 1330 4474 amicus
1348 4431 1442 4472 meus.-
1459 4430 1525 4467 nam
1542 4429 1574 4466 τε
1591 4410 1728 4480 particula
1744 4411 1810 4480 post
1821 4410 1902 4476 pilo<

208 4515 269 4550 sum
287 4497 344 4574 sive
362 4499 398 4552 ab
416 4515 445 4553 se
462 4501 556 4554 fictum
575 4500 632 4554 sive
651 4500 761 4556 ahands
780 4504 924 4570 acceptum
942 4501 1043 4568 intulit,
1070 4497 1263 4570 posita'usum
1285 4519 1340 4556 non
1368 4499 1453 4554 alium
1473 4498 1561 4551 habet
1583 4513 1667 4565 quarn
1689 4497 1720 4548 ut
1742 4512 1775 4548 ex
1796 4494 1903 4565 pyrrhi·
1933 4560 1936 4568 .

207 4581 241 4636 dc
262 4600 318 4650 quo
336 4583 486 4639 scholiasta
502 4585 556 4638 vol,
574 4594 597 4640 3.
616 4604 644 4656 p.
665 4591 726 4654 266,
746 4594 784 4640 10.
805 4586 847 4640 cd.
867 4586 952 4641 Oxou.
973 4590 1043 4654 μετὰ
1071 4587 1132 4640 σιιιο
1150 4587 1199 4641 fiat
1216 4586 1330 4641 iambus.
1367 4584 1453 4639 Porro
1472 4583 1630 4650 corruptum
1648 4582 1692 4634 est
1708 4582 1732 4647 ό,
1752 4579 1827 4648 quod
1844 4578 1903 4633 lite-

206 4673 311 4722 τούτου
330 4671 393 4733 ἑνός
405 4669 501 4735 στίχου
520 4671 639 4738 φέρουσί
656 4689 730 4736 τινες
747 4671 892 4738 διάλειμμα
910 4676 954 4726 καὶ
975 4675 1042 4740 Ἀρι·
1070 4688 1118 4725 rac
1136 4673 1158 4726 Ω
1176 4671 1393 4743 superscriptum
1416 4671 1458 4724 cst
1479 4668 1509 4722 ιιι
1527 4667 1620 4722 ccdicc
1644 4683 1707 4720 cum
1728 4664 1810 4719 metri
1827 4663 1903 4730 uitio,

206 4754 354 4822 στοφάνης
371 4754 426 4820 (vel
445 4757 673 4824 Ἀριστοφάνους)
692 4759 831 4824 πλήρωμα
849 4760 941 4822 ούτως
959 4760 1042 4826 “ipris
1071 4757 1145 4824 quod
1163 4757 1321 4812 emendavit
1338 4755 1474 4811 recentior
1493 4754 1640 4818 corrector,
1659 4750 1706 4818 qui
1717 4752 1800 4816 recte,
1818 4753 1849 4802 ut
1865 4748 1903 4802 vi-

205 4840 311 4903 δ’.έγυί
329 4856 374 4893 τοι
390 4844 452 4893 τῶν
471 4843 501 4894 έν
520 4843 626 4908 όρνισιν
645 4844 777 4907 νόμυιν,”
802 4843 849 4911 qui
868 4859 901 4896 ex
918 4843 1042 4896 versibus
1070 4842 1159 4909 detur,
1178 4844 1209 4907 ὃς
1227 4841 1379 4909 substituit,
1397 4839 1472 4910 quod
1488 4839 1518 4893 in
1529 4836 1655 4908 pluribus
1666 4834 1769 4905 legitur
1786 4850 1903 4905 apogra-

203 4923 353 4992 proximis,
371 4924 512 4993 inquibus
523 4928 597 4980 idem
610 4927 718 4994 dicitur,
737 4929 868 4982 confictus
881 4929 931 4995 cst,
950 4944 1042 4995 quem·
1068 4927 1139 4997 phis.
1175 4928 1215 4984 Εο
1238 4931 1332 4984 autem
1353 4926 1482 4981 restituto
1504 4922 1589 4978 tertia
1606 4920 1685 4976 verbi
1706 4920 1820 4976 alicuius
1842 4935 1903 4989 per-

195 5009 356 5064 ·admcdum
370 5009 513 5079 Sophoclis
528 5012 713 5081 interpolator
721 5013 898 5083 Neoptolemi
910 5013 1042 5078 versibus,
1069 5030 1137 5068 sona
1154 5014 1317 5084 requiritur,
1336 5030 1419 5083 quam
1437 5009 1596 5066 obliteravit
1612 5007 1795 5076 interpolator
1811 5005 1903 5059 verbis

205 5097 301 5162 ταῦτ’,
326 5098 437 5163 ῶξέν’,
462 5101 553 5164 ούτυις
571 5101 738 5163 ἐννέποντες
761 5101 794 5154 σύ
814 5101 905 5154 πολύν
920 5103 924 5167 Ι
940 5101 1042 5167 χρόνον
1069 5099 1154 5154 etiam
1176 5099 1231 5154 aha
1253 5101 1288 5156 de
1311 5117 1421 5166 caussa,
1448 5099 1480 5150 ut
1495 5095 1578 5150 modo
1601 5091 1739 5158 dicebam,
1762 5089 1903 5160 suspectis,

205 5184 238 5248 μ’
257 5185 378 5248 ἐπέσχον
401 5185 438 5250 μή
463 5201 496 5249 με
520 5189 686 5239 ναυστολεῖν
709 5190 795 5254 ταχύ,
822 5188 827 5255 Ι
854 5185 974 5252 μάλιστα
992 5191 1042 5253 μέν
1069 5187 1192 5251 κάγαθός
1210 5187 1292 5253 φίλος
1309 5189 1341 5240 τ’
1359 5186 1433 5253 ἐμός.
1457 5183 1499 5236 Er
1515 5181 1559 5234 his
1575 5178 1683 5234 indiciis
1701 5177 1795 5246 colligi
1811 5176 1904 5246 potest

204 5270 239 5333 δὴ
263 5273 315 5322 τού
338 5271 475 5334 θανόντος
499 5269 598 5336 ἱμέρῳ,
625 5275 629 5338 Ι
653 5277 1039 5338 csc-orc-crc-l
1070 5269 1234 5340 Sophoclem
1253 5271 1328 5327 aliud
1347 5269 1414 5338 quid
1432 5267 1544 5336 dixisse,
1571 5265 1660 5333 velut,
1686 5263 1713 5317 ri
1731 5264 1773 5330 δ’;
1804 5263 1834 5325 ὃς
1853 5277 1903 5315 πα·
2010 5297 2016 5305 -

204 5354 302 5408 ἔπειτα
322 5356 415 5420 μέντοι
434 5357 478 5407 καί
495 5356 580 5420 λόγος
603 5359 687 5421 καλός
710 5362 820 5426 προσῆν
843 5359 909 5424 cet,
927 5357 1042 5412 hennae
1069 5361 1146 5423 λοιός
1174 5362 1281 5426 πατρὸς
1309 5375 1345 5425 ην
1372 5358 1440 5422 έμού
1464 5355 1560 5423 φιλας,
1587 5353 1592 5421 Ι
1620 5352 1738 5416 Νέστωρ
1760 5351 1775 5401 ό
1798 5348 1904 5411 Πύλιος

206 5438 360 5506 explendae
379 5455 486 5506 caussa,
505 5457 589 5507 quem
610 5441 639 5495 in
656 5442 728 5498 libro
752 5443 907 5511 antiquiore
924 5459 1042 5497 vacuum
1068 5447 1157 5508 έστιν;
1177 5443 1313 5513 utpaullo
1324 5443 1390 5511 post
1407 5459 1432 5494 v.
1446 5445 1496 5494 134
1514 5436 1591 5504 didi,
1608 5436 1782 5503 Πάτροκλος,
1802 5435 1834 5497 ὃς
1851 5437 1903 5485 σού

204 5523 327 5590 spatium
351 5526 381 5578 et
401 5527 487 5580 verba
508 5527 635 5596 proxima
652 5528 805 5597 proderent
827 5531 924 5583 έπειτα
946 5531 1042 5595 μέντοι
1069 5531 1175 5597 πατρός
1197 5533 1234 5595 ἠν
1256 5532 1292 5583 τά
1314 5528 1443 5595 φίλτατα.
1479 5524 1565 5589 Quale
1589 5520 1656 5590 quid
1678 5519 1702 5574 si
1724 5517 1835 5588 scripsit
1857 5517 1904 5571 So·

205 5635 237 5646 -
255 5625 329 5677 quae
346 5625 403 5662 non
422 5617 465 5665 est
481 5613 629 5670 νοιιοιιιιιίο
646 5617 712 5684 post
730 5616 848 5682 μάλιστα
867 5616 918 5682 μέν
936 5615 970 5680 δὴ
988 5619 1040 5668 τού
1067 5615 1189 5684 phocles,
1207 5611 1522 5684 aptissimePhilocteta,
1540 5608 1656 5663 florente
1673 5607 1715 5660 vir
1732 5606 1833 5672 aetate,
1852 5603 1903 5656 Ne·

205 5699 345 5760 θανόντος
363 5697 450 5763 ίμέρψ
468 5698 543 5753 nulla
561 5699 617 5754 alia
633 5699 779 5756 interiecta
796 5700 935 5756 sententia
947 5702 1042 5755 secuta
1068 5706 1184 5765 storum,
1202 5699 1290 5753 virum
1309 5715 1444 5752 summam
1462 5696 1631 5751 seneautcm
1649 5693 1788 5762 adeptum,
1805 5688 1902 5760 patris,
