4372 6614
630 532 683 580 DE
704 533 853 583 eteritis
880 533 1116 585 POETARUM
1144 535 1429 587 SOENIOORUM.
1844 540 1886 605 45

1011 639 1094 644 ---..-
1299 639 1445 647 ...ψη-
1459 643 1668 650 -.-.-,..,.-..-.-.
1691 644 1730 650 ..w
1761 643 1779 650 .-

192 683 282 746 θέων,
295 686 372 735 recte
384 684 459 736 haud
472 684 553 735 dubie
566 685 594 736 in
607 683 741 736 πανθὲων
754 689 876 738 mutatus
889 687 925 737 ab
935 687 1028 738 Heim-
1056 686 1155 737 breves
1172 688 1269 740 solutis
1286 693 1313 739 et
1326 689 1438 753 syllaba
1455 689 1551 739 ultima
1563 690 1592 739 in
1608 689 1661 740 fine
1675 696 1783 742 tantum
1796 708 1888 742 meno-

193 753 312 804 soethio.
1056 756 1137 805 metri
1154 757 1285 821 ancipite.
1310 757 1478 822 Saepissime
1491 758 1544 807 hoc
1557 764 1657 820 metro,
1674 760 1838 824 praesertim
1851 765 1890 810 te-

244 820 385 872 Greticum
398 825 609 886 pentametrum,
623 821 712 886 qualis
723 827 766 872 est
775 823 803 872 in
814 823 935 874 carmine
946 823 1028 874 Arist.
1058 824 1206 886 trametris,
1219 825 1262 874 usi
1274 829 1338 874 sunt
1350 825 1448 874 comici
1460 825 1555 876 Latini
1567 825 1643 890 (nam
1657 828 1824 892 tragicorum
1836 829 1889 878 La·

193 889 313 940 Acheru.
332 905 415 954 snpra
431 895 580 940 memorate
597 906 623 941 ν.
637 892 708 951 tin,
727 905 760 939 ex
774 890 944 956 Theopompi
961 889 1029 943 Παι-
1058 892 1176 941 tinorum
1201 891 1356 956 fragmenta
1376 898 1461 942 metro
1479 893 1627 945 bacchisco
1645 897 1750 960 scripta
1767 896 1813 946 vix
1834 895 1891 946 ulla

192 958 241 1008 σίν
253 957 335 1008 affert
346 957 519 1022 Hephaestio
532 972 557 1021 p.
569 959 610 1008 81.
627 955 738 1008 “πᾶντ’
749 956 840 1019 ἀγαθά
858 957 892 1022 δὴ
910 957 1029 1022 γέγονεν
1058 959 1233 1024 supersunt),
1256 961 1361 1010 severis
1383 975 1451 1024 quas
1469 962 1547 1012 medo
1569 965 1753 1014 memorabam
1771 963 1892 1014 Graeco·

193 1023 329 1089 ἄνδρᾶσιν
342 1023 410 1088 ἐμῆς
422 1021 480 1075 ἀπὸ
493 1022 672 1086 συνουσίας.”
1058 1042 1116 1076 rum
1129 1026 1237 1091 legibus
1250 1042 1305 1078 nen
1319 1029 1489 1090 observatis,
1508 1030 1674 1080 Graecorum
1687 1047 1752 1081 vere
1766 1031 1891 1096 exempla

245 1093 390 1157 Reliquum
407 1099 451 1144 ast
467 1096 498 1142 ut
515 1093 548 1143 de
566 1093 631 1142 aliis
649 1093 813 1157 quibusdam
831 1095 939 1145 dicatur
952 1098 1031 1146 metri
1058 1109 1210 1160 perpauca,
1226 1100 1255 1146 et
1268 1095 1428 1160 plerumque
1442 1097 1559 1162 singulis
1571 1103 1681 1147 tantum
1692 1099 1832 1162 versibus,
1848 1104 1891 1149 re'-

193 1161 290 1212 cretici
307 1162 402 1212 formis
423 1175 484 1210 cum
507 1160 570 1210 aliis
591 1162 687 1211 metris
711 1162 857 1213 coniuncti.
887 1165 926 1214 Ac
944 1165 1031 1228 prime
1059 1163 1212 1228 pariuntur.
1236 1165 1406 1213 Monemetro
1419 1165 1518 1229 tragici
1531 1166 1668 1216 interdum
1685 1171 1801 1216 utuntur
1818 1169 1891 1216 inter

194 1229 305 1294 quidem
322 1244 417 1280 versus
435 1229 531 1278 cretici
544 1244 596 1278 nen
610 1245 671 1278 rare
684 1231 815 1280 anacrusi
832 1232 866 1281 ah
886 1231 964 1280 initio
983 1247 1031 1282 au·
1059 1230 1183 1281 senarios
1196 1228 1379 1281 diverbierum
1389 1232 1489 1296 posito,
1503 1233 1582 1284 velut
1591 1231 1632 1282 ίθ’
1642 1231 1717 1284 ὡναέ
1728 1234 1810 1299 Soph.
1822 1234 1891 1284 Oed.

193 1305 309 1362 gantur,
326 1297 398 1347 unde
417 1295 529 1361 dipodia
546 1297 664 1346 iambica
679 1298 781 1362 prodit,
803 1302 834 1348 ut
855 1298 929 1362 apud
947 1300 1031 1350 Arist.
1059 1301 1091 1349 R.
1109 1299 1181 1349 1468.
1196 1296 1224 1348 τί
1242 1295 1314 1362 φημί
1332 1301 1405 1349 1471.
1418 1296 1491 1361 λέγω
1506 1313 1545 1360 τις
1564 1303 1637 1353 1476.
1649 1298 1766 1352 τάλαινα
1780 1301 1848 1351 Oed.
1862 1302 1891 1352 C.

194 1371 245 1417 Ar.
257 1368 315 1416 410.
861 1364 934 1432 [θείν
945 1365 1030 1431 έρωςς
1059 1368 1117 1416 318.
1129 1363 1157 1416 τί
1169 1368 1247 1430 σιγᾶς
1262 1369 1333 1416 tati.
1351 1369 1442 1417 παπαί
1454 1369 1509 1430 eso
1522 1368 1573 1418 Ph.
1587 1371 1643 1419 786.
1660 1367 1815 1433 προσέρπει
1833 1371 1890 1420 787.

227 1432 315 1498 τύχης
327 1431 357 1484 δέ
370 1430 452 1493 ποίας
465 1430 569 1496 κομίζει
586 1432 657 1484 ποτ’
673 1431 753 1484 αύτὼ
771 1432 843 1496 πρὸς
861 1433 972 1499 ύρνιθαε
989 1432 1031 1485 ἐλ-
1059 1430 1167 1499 τίφης,
1186 1437 1236 1484 παῖ
1253 1437 1311 1484 804.
1335 1434 1460 1484 Dimetre
1473 1436 1618 1501 Euripides
1631 1436 1713 1486 Rhea.
1727 1439 1784 1490 706,
1798 1437 1828 1490 A.
1847 1438 1890 1488 δσ-

194 1503 240 1552 cui
252 1502 358 1562 versui,
376 1501 495 1551 inlibris
508 1501 607 1551 intres
620 1501 752 1551 dimetres
765 1501 864 1564 divise,
884 1502 1032 1567 respondet
1060 1504 1116 1561 κείς
1132 1500 1198 1566 γᾶρ;
1216 1504 1248 1552 Β.
1261 1499 1288 1552 τί
1301 1500 1356 1565 μὴν
1370 1500 1416 1562 οὒς
1432 1503 1437 1566 Ι
1453 1503 1483 1550 A.
1496 1503 1600 1567 θρασὺς
1611 1504 1682 1565 γοῦν
1694 1502 1722 1564 ές
1735 1503 1820 1567 ἡμᾶς,
1838 1505 1892 1554 nisi

92 1574 96 1580 '
195 1570 335 1634 proximus
352 1565 412 1630 βίου
429 1565 536 1632 διαίτης
551 1581 583 1619 τε
601 1569 647 1619 καί
664 1571 716 1620 σοι)
730 1569 867 1620 ξυνοικεῖν
883 1568 916 1621 τέ
929 1582 974 1621 σοι
987 1569 1031 1620 καί
1060 1570 1128 1618 haec
1145 1571 1174 1618 in
1190 1573 1380 1620 tetrametrum
1399 1571 1564 1635 coniungere
1581 1571 1701 1636 placeat.
1719 1571 1814 1637 Suppl.
1832 1575 1889 1622 990.

194 1639 316 1688 ξυνεῖναι
332 1635 367 1686 τδ
388 1637 454 1686 πᾶν.
477 1643 505 1686 et
527 1637 700 1687 brevioribus
721 1638 847 1688 versibus
869 1639 935 1688 Pac.
959 1641 1031 1688 1127.
1058 1633 1085 1686 τί
1107 1635 1223 1699 φέγγος
1245 1635 1304 1687 τίν’
1325 1633 1434 1697 αἴγλαν.
1457 1639 1547 1688 etsie
1572 1643 1734 1690 constanter
1755 1640 1891 1690 vocabulo

193 1703 296 1768 ἥδομαί
312 1703 345 1766 γ’
362 1703 462 1768 ίΙδομαι
477 1704 482 1764 Ι
498 1701 618 1768 κράνους
635 1702 851 1768 ἀπηλλαγμένος
871 1703 875 1768 Ι
894 1707 1031 1768 πυροῦτε
1062 1710 1122 1768 pest
1143 1704 1241 1770 pedem
1263 1705 1379 1769 priorem
1400 1705 1559 1768 terminate,
1581 1707 1638 1757 Ιοιι.
1657 1708 1705 1757 190
1726 1704 1787 1756 ίδοὺ
1808 1705 1892 1757 τάνδ’

194 1773 241 1824 καί
255 1770 421 1836 κρομμύων·
436 1769 441 1837 Ι
456 1770 490 1823 οὐ
507 1770 561 1835 γάρ
577 1771 688 1836 φιληδῶ
701 1770 811 1834 μάχαις.
830 1779 858 1824 et
870 1774 1031 1838 saepissime
1059 1770 1184 1835 ἄθρησον
1195 1793 1229 1812 =
1245 1775 1302 1822 201.
1316 1772 1360 1822 καί
1374 1770 1429 1835 μάν
1441 1771 1525 1823 τόνδ’
1537 1771 1671 1837 ἄθρησον.
1688 1771 1746 1838 (ubi
1759 1779 1891 1839 suspecta

193 1841 269 1906 apud
289 1841 428 1904 tragicos,
444 1840 522 1891 velut
539 1840 636 1892 Aesoh.
652 1841 728 1904 Sept.
750 1842 805 1891 166.
829 1837 862 1890 lb
880 1841 1033 1901 παναλκείς
1061 1842 1204 1890 anacrusis
1223 1839 1320 1905 longa,
1337 1845 1370 1889 ut
1386 1837 1413 1890 τί
1431 1838 1485 1901 μάν
1502 1841 1547 1891 vel
1565 1841 1641 1891 aliud
1659 1841 1725 1906 quid
1742 1843 1891 1892 restituen—

194 1909 265 1971 θεοί,
282 1907 286 1972 Ι
303 1905 337 1960 ίω
349 1905 452 1958 τέλειοι
464 1905 567 1960 τέλειαί
579 1920 611 1958 τε
624 1909 674 1969 γᾶς
690 1909 694 1969 Ι
709 1906 795 1959 τᾶσδε
806 1907 1031 1972 πυργοφύλακες.
1060 1907 1123 1958 dum
1140 1907 1229 1958 videri
1251 1903 1357 1973 pessit.)
1378 1910 1451 1958 1466.
1468 1907 1557 1972 ἀνηβᾷ
1578 1907 1609 1959 δ’
1631 1907 1781 1972 Ἐρεχθεύς.
1808 1910 1891 1960 Arist,

195 1979 273 2026 lirim.
292 1977 347 2026 160.
363 1963 481 2039 πάρεστι
498 1973 683 2040 μαστίκτορος
700 1973 781 2026 δαΐου
798 1972 907 2035 δαμίου.
922 1997 956 2018 ==
975 1978 1031 2026 166.
1059 1978 1141 2041 Vesp.
1155 1978 1213 2025 317.
1226 1975 1303 2038 (ants
1316 1991 1412 2025 versus
1425 1975 1583 2040 glyconees)
1595 1973 1686 2039 φίλοι,
1699 1975 1818 2041 τήκομαι
1832 1976 1891 2038 μέν.

194 2043 315 2108 πάρεστι
334 2045 385 2105 γᾶς
406 2043 538 2105 δμφαλδν
564 2043 752 2106 προσδρακεῖν
777 2041 912 2105 αίμᾶτων.
948 2043 1031 2109 Soph.
1109 2044 1240 2094 'Primstri
1252 2043 1398 2094 bacchiaei
1409 2059 1548 2108 perpauca
1565 2049 1628 2094 sunt
1640 2044 1772 2110 exempla.
1792 2045 1891 2098 Aesch.

196 2113 266 2163 Oed.
280 2112 312 2163 lt.
325 2113 382 2161 849.
401 2112 484 2162 πιθοῦ
496 2111 618 2175 θελήσας
630 2108 776 2174 φρονήσας
793 2109 919 2174 τ’ἄναξ,
938 2107 1031 2163 λίσσο-
1059 2111 1182 2176 Chesph.
1208 2113 1267 2162 890.
1289 2112 1422 2171 ποτᾶται,
1441 2109 1576 2174 πάροιθεν
1597 2109 1628 2161 δέ
1645 2111 1767 2176 πρῴρας.
1796 2113 1890 2177 Eurip.

196 2194 254 2241 μαι.
272 2184 301 2230 et
313 2179 423 2229 adiecto
436 2181 579 2230 trochaice
592 2179 710 2228 dimetro
722 2179 890 2230 catalectico
903 2182 961 2231 669.
978 2177 1031 2229 τὸν
1058 2179 1141 2230 Rhea.
1153 2181 1211 2230 708.
1221 2175 1276 2238 τίς;
1289 2177 1379 2242 ἀλκὴν
1391 2175 1450 2229 τίν’
1459 2175 1558 2241 αίνεῑςς
1572 2177 1702 2243 Ὀδυσσῆ.
1711 2201 1745 2221 -=
1755 2181 1812 2232 726.
1824 2179 1892 2230 καθ’

193 2247 264 2300 οὔτε
277 2246 344 2311 πρίν
354 2245 457 2310 νήπιον
465 2250 519 2298 νυν
528 2247 555 2296 τ’
567 2245 598 2298 έν
608 2245 685 2310 ὅρκῳ
696 2245 783 2308 μέγαν
793 2244 960 2298 καταίδεσαι.
975 2249 1031 2300 190.
1058 2245 1131 2309 ἡμᾶς
1143 2248 1272 2310 περᾶσαι.
1295 2243 1355 2296 τίν’
1367 2244 1491 2310 &veprium
1511 2248 1608 2313 Eurip.
1625 2247 1728 2298 Bacch.
1746 2249 1891 2299 9981019.

194 2315 266 2380 Ἄρη
279 2328 311 2365 τε
324 2312 377 2364 τὸν
389 2315 521 2380 μαλερδν,
534 2313 565 2376 ὃς
578 2315 630 2364 νον
643 2311 764 2376 ἄχαλκος
777 2312 915 2365 ἀσπίδων.
930 2321 958 2365 et
971 2331 1031 2364 cum
1058 2312 1220 2380 φονεύουσα
1233 2315 1341 2376 λαιμιίιν
1353 2311 1483 2375 διαμπάξ.

193 2398 278 2434 versu
295 2382 478 2448 ithyphallice
495 2384 531 2434 ib.
551 2385 606 2433 193.
624 2379 752 2444 ἄπουραν
769 2378 825 2432 εἶτ’
843 2380 871 2443 ἐς
885 2380 972 2444 μέγαν
985 2379 1031 2432 et·
1108 2383 1291 2445 Frequentior
1303 2383 1459 2433 tetrametri
1470 2397 1536 2433 usus
1549 2387 1598 2436 est.
1616 2383 1717 2433 Aesch.
1730 2383 1820 2434 Prem.
1835 2385 1891 2434 116.

195 2451 287 2512 λαμον
301 2447 489 2514 Ἀμφιτρίτας.
513 2450 668 2516 Paeonioup
685 2450 808 2500 trimeter
826 2465 886 2499 cum
904 2451 1031 2500 anacruei
1058 2447 1101 2511 τίς
1118 2448 1191 2514 ἀχὼ,
1214 2447 1256 2510 τίς
1274 2447 1345 2510 ὀδμὰ
1362 2448 1512 2516 προσέπτα
1529 2449 1562 2511 μ’
1579 2448 1719 2513 ἀφεγγής,
1739 2449 1815 2515 Sept.
1836 2454 1891 2502 106.

194 2519 317 2569 iambica
329 2523 372 2568 est
391 2519 464 2582 apud
476 2519 559 2568 Arist.
573 2519 640 2582 Lys.
654 2519 711 2568 780.
728 2515 846 2581 φεύγων
862 2516 953 2580 γᾶμον
969 2514 1031 2581 ἄφί-
1057 2515 1085 2568 τί
1097 2516 1193 2581 ῥέξεις,
1212 2515 1378 2580 παλαίχθων
1394 2516 1491 2582 Ἄρης,
1507 2516 1560 2568 τάν
1576 2517 1645 2568 τεὰν
1656 2519 1718 2581 γᾶν.
1747 2520 1798 2584 Ag.
1819 2522 1892 2570 1108.

195 2585 260 2638 κετ’
272 2584 301 2646 ές
313 2583 439 2650 ἐρημίαν.
458 2587 615 2637 Praemisso
627 2585 750 2650 spondeo
762 2605 779 2635 a
788 2628 808 2635 -
818 2587 854 2637 ib.
866 2588 924 2638 786.
937 2584 1031 2636 οὕτως
1058 2584 1185 2648 ἄφερτον
1197 2581 1328 2648 φίλοισιν,
1341 2582 1483 2648 δυσίατον,
1493 2583 1565 2636 ἀλκά
1575 2585 1600 2635 δ’
1609 2607 1642 2627 =
1654 2589 1728 2636 1110.
1742 2584 1827 2650 τάχος
1838 2586 1892 2651 γάρ

195 2653 234 2718 ῆν
247 2667 320 2704 ποτε
333 2651 396 2714 νέος
409 2651 562 2705 Μελανίων
574 2667 624 2714 τις.
1057 2652 1118 2704 τάδ’
1129 2651 1217 2704 ἔσται·
1231 2649 1373 2717 προτείνει
1385 2651 1415 2702 δὲ
1424 2653 1484 2716 χείρ
1493 2652 1534 2717 ἐκ,
1547 2653 1594 2703 ubi
1607 2655 1732 2719 sequitur
1741 2653 1891 2717 decimius,

248 2724 353 2772 Versus
365 2723 405 2771 22.
420 2737 453 2772 ex
467 2721 583 2771 dimetro
596 2721 736 2771 trochaico
755 2727 783 2771 et
797 2722 913 2773 dimetro
926 2723 1029 2772 cretico
1059 2737 1112 2786 que
1129 2721 1243 2786 stropha
1260 2719 1361 2770 finitur.
1375 2725 1402 2770 et
1416 2722 1513 2784 fragm.
1525 2721 1589 2770 aab.
1605 2719 1621 2771 δ
1638 2723 1742 2785 ταῦρος
1759 2720 1789 2771 δ’
1801 2721 1893 2774 ἔοικεν

195 2790 366 2855 compositos
384 2789 452 2840 feeit
470 2792 556 2840 Arist.
575 2791 640 2854 Lys.
658 2791 833 2842 1014-1036.
852 2805 965 2853 querum
977 2791 1031 2854 pri·
1050 2782 1176 2853 ’κυρίξειν
1192 2787 1250 2838 τιν’
1266 2786 1369 2853 ἀρχάν,
1390 2786 1394 2852 Ι
1420 2786 1583 2852 φθάσαντος
1605 2787 1634 2840 δ’
1651 2787 1701 2839 ἐπ’
1717 2787 1808 2852 ἔργοις
1826 2804 1893 2854 προ-

194 2873 256 2908 mus
275 2863 320 2907 est
337 2853 422 2908 οὐδέν
439 2855 498 2908 ἐστι
515 2854 614 2922 θηρίον
632 2855 764 2918 γυναικὸς
782 2855 976 2920 ἀμαχώτερον.
1058 2854 1216 2922 πηδήσεταί
1228 2869 1281 2907 νιν.
1301 2855 1383 2922 Soph.
1396 2856 1445 2907 Ph.
1456 2858 1514 2907 896.
1528 2858 1585 2906 611.
1598 2856 1682 2910 Arist.
1697 2857 1805 2906 'l'hesm
1819 2860 1892 2910 1164.

248 2923 392 2974 Catalexis
408 2924 547 2975 interdum
567 2925 689 2975 eflicitur
703 2925 824 2988 spondeo
841 2944 859 2976 a
872 2965 889 2974 -
908 2931 957 2975 aut
969 2930 1032 2991 post
1058 2933 1124 2975 aute
1146 2938 1241 2974 versus
1263 2922 1436 2989 glycleneos,
1460 2922 1579 2988 φάνηθ’,
1601 2922 1624 2974 ὼ
1649 2921 1806 2987 τυράννους
1826 2937 1891 2976 στυ-

195 2997 343 3055 οταιίοαπι,
361 2994 437 3042 utin
454 2992 523 3042 locis
542 3007 624 3058 supra
641 2992 773 3042 indicetis
787 3009 812 3056 p.
825 2995 884 3056 43.,
903 2999 952 3043 aut
969 2999 1032 3058 post
1057 2991 1143 3055 γοθσ’
1154 2991 1253 3056 ὥσπερ
1266 2989 1348 3053 είκὸς.
1374 2992 1552 3056 Pentametro
1565 2997 1628 3056 pest
1645 2991 1782 3042 senarium
1795 2994 1892 3042 iambi-

196 3076 344 3128 paeenem‚
368 3063 399 3109 ut
421 3061 494 3126 apud
510 3060 591 3124 Seph
613 3059 680 3110 Oed.
698 3061 727 3108 (λ
746 3062 803 3112 eis.
821 3059 953 3125 στὲρῐον,
974 3059 1030 3111 ίκε-
1058 3077 1118 3110 cunr
1135 3075 1200 3110 usus
1219 3066 1261 3110 est
1276 3061 1343 3109 Euri
1366 3097 1371 3107 .
1389 3059 1452 3109 Hel.
1470 3061 1527 3109 642.
1545 3057 1616 3124 πρὸς
1628 3057 1718 3110 ἄλλαν
1735 3059 1764 3110 δ’
1780 3057 1893 3112 ἐλαύνει

193 3128 280 3181 τεύω.
292 3147 325 3169 =
338 3129 395 3178 687.
415 3126 510 3190 παίδε,
528 3127 579 3178 δύο
598 3126 622 3177 δ’
634 3125 695 3178 ἄτα.
720 3128 803 3180 Arist.
823 3129 887 3191 Lys.
905 3131 963 3179 784.
983 3127 1030 3179 αὐ·
1057 3128 1122 3190 θεὸς
1133 3128 1279 3192 ξυμφοραν
1290 3075 1377 3178 odeis
1389 3123 1520 3191 κρείσσω.

194 3197 245 3258 τὸς
264 3195 305 3246 ἔτι
323 3198 387 3256 παίς
409 3193 460 3247 ὤν.
491 3197 641 3247 789-701.
663 3193 911 3261 κᾷτ’ἐλαγσθὴρει
934 3193 940 3261 Ι
963 3197 1031 3247 πλε·
1108 3193 1546 3261 Metripalimbacchieci(-.ve)
1565 3193 1718 3260 exemplum
1737 3211 1892 3260 unumpro-

195 3264 315 3328 ξάμενος
338 3261 436 3328 ἄρκυς,
464 3261 469 3326 Ι
499 3264 545 3314 καί
569 3263 640 3314 κύνα
662 3263 722 3313 τιν’
745 3262 829 3328 εἶχεν.
862 3263 1031 3329 (praemissa
1058 3264 1123 3314 tulit
1134 3264 1286 3327 Dionysius
1300 3263 1333 3312 de
1347 3278 1433 3327 comp.
1446 3263 1607 3313 verbali.
1621 3279 1646 3328 p.
1659 3265 1716 3313 916.
1728 3262 1782 3326 σοί,
1797 3261 1893 3327 Φοῖβε,

196 3334 329 3384 anacrusi
352 3334 410 3382 787.
439 3329 492 3382 κᾶν
515 3334 574 3392 τοῖς
598 3330 694 3394 δρεσιν
717 3331 810 3394 ᾤκει.)
836 3336 865 3381 et
889 3337 951 3396 post
975 3337 1032 3382 tres
1058 3327 1172 3383 Μοῦσαί
1187 3344 1231 3393 τε,
1251 3331 1410 3394 συμβῶμεν.
1433 3330 1589 3394 aliquoties
1607 3331 1892 3382 seususestAriste·

197 3415 320 3466 paeones
338 3402 395 3450 793.
419 3398 531 3451 κούκέτι
555 3400 678 3464 κατῆλθε
701 3395 785 3450 πάλιν
804 3397 898 3450 οίκαδ’
915 3397 973 3450 ύπδ
991 3396 1031 3462 μί·
1058 3400 1163 3464 phanes
1180 3399 1208 3448 in
1227 3399 1346 3448 carmine
1363 3398 1447 3448 Pacis
1462 3401 1513 3448 469
1531 3414 1620 3516 seqp,
1643 3398 1761 3464 simplici
1780 3396 1892 3463 pedsdr

196 3481 274 3530 σους.
298 3467 378 3531 (Post
394 3469 515 3532 quinque
529 3468 646 3517 creticos
659 3469 688 3516 in
703 3469 829 3518 versibus
842 3467 982 3518 Alcmanis
995 3469 1029 3518 sb
1059 3466 1105 3518 εία
1116 3469 1174 3518 469.
1187 3467 1362 3515 461.=486‚
1375 3467 1449 3530 488,
1467 3465 1571 3531 duplici
1621 3465 1762 3518 eleuatis
1774 3470 1834 3521 463.
1848 3469 1892 3516 eui

195 3536 404 3604 Hephaestione
417 3535 511 3584 allatis
523 3551 547 3600 p.
561 3535 612 3596 80.)
631 3535 676 3584 vel
694 3535 809 3599 dipodia
826 3535 983 3598 trochaica,
1000 3541 1031 3585 ut
1058 3537 1087 3584 in
1106 3533 1281 3599 antistropha
1297 3535 1384 3584 verba
1401 3532 1570 3598 respondent
1587 3531 1686 3599 μικρόν
1701 3548 1734 3597 γε
1748 3536 1890 3598 κινοῦμεν.

194 3608 224 3654 in
237 3618 319 3655 versu
331 3603 509 3667 Bacchylidis
520 3618 564 3667 ap.
577 3603 691 3666 Dionys.
714 3603 756 3652 De
770 3618 856 3668 comp.
868 3605 945 3657 verb.
959 3605 1031 3654 αάδ.
1058 3601 1119 3654 ἀλλ’
1138 3600 1183 3652 εἷα
1201 3606 1229 3651 et
1246 3603 1275 3651 iu
1292 3600 1469 3666 antistropha
1486 3603 1605 3666 χωρεῖτε
1627 3606 1692 3652 ante
1710 3616 1807 3653 versus
1824 3603 1890 3653 iam

196 3688 224 3738 p.
239 3674 300 3722 400.
319 3671 394 3736 (post
410 3671 543 3720 creticum
559 3671 758 3732 lrexametram)
779 3670 831 3734 χρὴ
854 3671 925 3734 παρ’
941 3667 1031 3721 εὐδαί-
1059 3670 1287 3722 bico-trochaicae
1300 3669 1371 3720 Rea.
1383 3671 1441 3720 394.
1453 3671 1512 3722 440.

195 3739 283 3791 δαλον
299 3737 371 3790 ναύν
388 3736 525 3799 ἐλθόντας
541 3735 629 3802 ἁβρόν
644 3751 672 3788 τι
688 3737 786 3801 δείξαι,
809 3739 854 3788 cni
872 3739 969 3788 similis
990 3743 1031 3788 est
1715 3780 1718 3786 .

194 3805 366 3870 Aeschyleus
372 3808 449 3856 Eum.
460 3808 518 3860 323.
529 3807 582 3856 nisi
589 3805 661 3870 quod
670 3806 791 3871 spondeo
802 3807 836 3856 ab
846 3806 1033 3857 initieauctus
1277 3811 1326 3866 11,
1354 3810 1398 3866 De
1413 3816 1503 3866 metro
1518 3811 1677 3867 molossico,

196 3883 243 3928 ⁰⁵⁸
255 3873 365 3937 '‘mm'’
379 3873 469 3956 '‘²⁰9’‘
484 3871 618 3954 ὁΛαῗοος
630 3872 683 3937 γὰρ
694 3871 749 3934 ἶνις
759 3873 792 3936 μ’
801 3871 900 3937 ἄτιμον
911 3871 1030 3954 τίθηῳν·
1110 3902 1263 3972 cognatum
1276 3906 1427 3957 bacchisco
1439 3911 1554 3956 metrum
1566 3873 1610 3956 est
1622 3906 1802 3968 molossicum,
1816 3909 1894 3958 cuius

195 3947 258 4009 post
271 3957 351 4008 quem
364 3947 490 4006 sequetur
501 3948 621 3992 creticus
638 3946 798 3992 tetrameter
815 3957 876 3992 cum
889 3942 1030 3991 trochaico
1060 3977 1065 3989 .
1105 3977 1111 3988 .

195 4012 314 4061 dimetro
335 4009 503 4062 catalectico
525 4010 700 4071 coniunctus,
725 4011 803 4059 cuius
824 4008 880 4059 alia
906 4009 1032 4075 exempla
1059 3979 1574 4057 ¹P⁸¹¹¹⁸q¹²⁰flu⁰⁰⁰²⁶⁸t³²⁰⁰¹¹⁸²³¹¹⁸
1589 3975 1776 4056 Amph*
1799 3977 1893 4083 Pam}

195 4083 262 4130 sunt
282 4094 328 4142 ap·
344 4078 428 4128 Arm·
450 4078 515 4128 Pac.
533 4079 591 4128 35¹,
615 4087 643 4128 et
665 4076 740 4129 alibi.
770 4076 896 4127 creticus
915 4077 1031 4128 dimeter
1059 4059 1118 4094 erus
1135 4041 1458 4108 reperiuntnrexempla‚
1477 4041 1525 4093 sed
1544 4057 1661 4107 estpars
1680 4049 1822 4107 poetarum
1833 4059 1883 4095 ver

195 4163 259 4197 cum
276 4145 490 4211 penthemimere
509 4145 649 4195 trochaice
667 4146 735 4195 Rau.
759 4146 832 4198 1368.
854 4143 911 4208 ἅμα
932 4143 962 4195 δὲ
984 4142 1031 4196 Δί·
1059 4112 1104 4232 Epi?
1114 4113 1374 4243 ιῗθὲἶζῖξηὲἒῃᾘ
1387 4109 1893 4242 {ppitpxtgppplrlllpnmpptsrtfflprpuzppp

194 4211 636 4346 ηυᾶῗοίέίοςξρξὲἑίίάὲξίνο
646 4281 739 4331 ίοιιίσο
748 4295 815 4331 usus
826 4285 868 4331 est
880 4280 1031 4344 Aeschylus
1059 4249 1116 4365 Ὗ·
1131 4244 1207 4365 ἔάσὲ
1224 4247 1261 4362 {li
1278 4243 1554 4363 ‘'affibt'riagvgwg'
1566 4242 1787 4365 ῗὲθῦρίῖῗὲὢίνωζ
1799 4261 1893 4366 ffigm

193 4355 260 4416 ΡΜ
272 4349 340 4399 ‘¹⁰⁰⁸
352 4363 474 4414 9⁸⁰⁰¹¹⁸⁹
486 4355 599 4414 quarm
613 4347 734 4413 ⁰h⁰⁰ph'
748 4351 806 4398 ⁸⁰⁵·
1004 4363 1006 4368 ¹
1059 4331 1122 4446 (eleg,
1141 4329 1287 4442 λίίίοίυμῗι.
1299 4401 1332 4421 =
1350 4329 1422 4434 ihil.
1436 4329 1571 4432 είίνίισθαι
1587 4351 1743 4433 κνυζεῑσθαί
1755 4328 1791 4432 er’
1807 4381 1834 4434 ἐξ
1847 4329 1892 4433 duri-

230 4415 414 4549 {235¹aest
420 4413 694 4546 ἔὸτςίμάεέἒέὀνᾶέἕμῗῧ
701 4412 811 4547 ἔὲἐῒές
1058 4464 1143 4515 τρων.
1157 4449 1211 4500 Sex
1223 4449 1336 4499 molossi
1348 4449 1422 4513 apud
1436 4450 1499 4498 Eur.
1512 4448 1570 4499 Ιοιι.
1582 4451 1750 4502 124---141Ι
1766 4447 1893 4502 ὠΠαιὰν

194 4559 226 4604 et
238 4558 301 4619 pest
313 4553 433 4617 quinque
446 4567 568 4617 paeones
581 4558 695 4616 quartos
707 4551 785 4602 Eum.
798 4555 856 4606 3³0.
869 4573 902 4594 =
914 4555 972 4603 348.

248 4621 345 4670 histris
364 4621 479 4684 paeonis
495 4619 576 4684 primi
593 4620 652 4670 sive
671 4621 763 4684 quarti
781 4635 935 4670 mensuram
953 4635 1032 4671 exce·

194 4689 328 4740 dentibus
344 4687 481 4738 interdum
497 4689 541 4739 uei
559 4693 624 4738 eunt
640 4693 740 4752 poetae
757 4687 791 4737 ad
806 4689 935 4738 maiorem
949 4689 1033 4738 animi

191 4761 299 4808 motum
323 4755 536 4820 exprimendum.
570 4755 613 4804 Ex
637 4755 689 4805 hoc
718 4769 818 4820 genere
848 4757 966 4806 fortasse
990 4760 1033 4806 est
1621 4795 1626 4808 .

193 4823 329 4888 Aeschyli
340 4837 438 4873 versure
450 4823 525 4888 Sept.
544 4825 601 4876 236.
615 4821 656 4883 τίς
668 4820 736 4874 τάδε
750 4822 862 4886 νέμεσις
874 4827 984 4886 στυγεῑ;
998 4845 1031 4866 =
1264 4792 1313 4848 12·
1350 4793 1394 4849 De
1410 4798 1482 4849 metr
1483 4809 1498 4850 ⁰
1514 4791 1688 4850 mmmm·

191 4895 256 4945 241.
273 4888 366 4954 τίμιον
381 4887 443 4950 ἕδος
459 4887 572 4953 ίκύμαν,
590 4891 637 4955 qui
654 4907 687 4940 ex
705 4892 836 4943 trochaeo
858 4899 886 4942 et
907 4892 1031 4942 dochmio
1108 4895 1228 4943 Metram
1238 4890 1426 4941 dochmiacum
1436 4889 1623 4940 exbacchioet
1632 4888 1755 4956 iambo')
1767 4895 1810 4942 est
1821 4908 1892 4942 oem-

193 4961 366 5025 compesitas
379 4973 441 5008 esse
454 4959 588 5021 creditur,
607 4958 673 5008 licet
684 4959 769 5009 verba
781 4965 844 5024 ipsa
856 4960 927 5010 hane
941 4961 1032 5025 potius
1058 4961 1177 5026 pesitum
1191 4989 1209 5007 e
1220 4977 1238 5008 a
1250 5001 1270 5008 -
1282 4991 1300 5010 o
1312 4978 1343 5022 a,
1361 4958 1488 5008 enacrusi
1504 4961 1621 5021 unaque
1640 4959 1777 5022 ancipite,
1794 4960 1892 5010 ultima

192 5042 352 5079 mensuram
369 5026 559 5077 commendent
576 5044 593 5075 a
605 5057 623 5075 e
634 5057 652 5076 e
665 5057 683 5075 e
693 5058 712 5076 υ
727 5025 732 5087 Ι
747 5046 764 5077 2
777 5061 794 5078 ..
806 5063 834 5077 -.
868 5029 957 5078 Μυίιο
968 5028 1031 5080 tlon·
1058 5028 1167 5093 syllaba
1178 5026 1224 5078 rel
1236 5025 1320 5090 longa
1332 5027 1378 5076 vel
1392 5025 1420 5076 iu
1432 5024 1622 5090 pyrchiehium
1636 5027 1728 5076 soluta
1741 5028 1788 5078 ubi
1801 5043 1893 5078 nume-

192 5097 259 5163 gius
278 5093 438 5160 progressus
451 5093 652 5160 Aristophanes
668 5096 697 5144 in
714 5093 903 5159 Ταγηνισταῖς
921 5096 1030 5161 (fragm.
1059 5125 1095 5130 -
1131 5121 1209 5129 —-—-

192 5163 266 5226 421.)
279 5163 407 5212 versibus
418 5163 586 5212 tetrametris
606 5163 864 5228 cretico-paeonicis
880 5163 1032 5228 longiorem
1109 5161 1390 5228 &Grammaticorum
1408 5165 1531 5211 veterum
1550 5161 1584 5211 de
1601 5161 1727 5212 dochmio
1749 5164 1893 5230 opiniones

194 5231 343 5298 praemisit
359 5245 480 5290 versum,
498 5235 542 5281 ter
558 5231 676 5294 repetita
692 5229 745 5280 hac
763 5231 851 5280 ferma
863 5262 881 5280 e
893 5263 911 5280 e
923 5262 941 5280 e
954 5264 972 5282 o
984 5249 1001 5281 a
1014 5273 1031 5281 -
1059 5231 1173 5296 collegit
1186 5229 1349 5281 Gaisferdus
1362 5229 1398 5278 ad
1410 5229 1562 5293 Hephaest.
1573 5229 1627 5280 sol,
1642 5232 1664 5280 l.
1678 5245 1705 5296 p.
1718 5234 1759 5283 60.
1773 5231 1814 5281 61.
1827 5248 1893 5297 qua-

265 5297 326 5360 ἄλις
343 5296 435 5362 ἀφύης
449 5311 506 5361 μοι·
529 5296 724 5362 παρατέταμαι
740 5297 793 5362 γὰρ
810 5297 846 5350 τᾶ
863 5298 967 5364 λιπαρά
988 5296 1033 5350 κά·
1060 5315 1118 5349 rum
1130 5313 1197 5349 usus
1214 5297 1305 5348 nullus
1323 5301 1374 5348 est.
1397 5297 1498 5362 Inepte
1515 5297 1587 5348 enim
1600 5297 1771 5362 ilepbaostie
1788 5300 1892 5365 aliique

757 5380 848 5417 πτων.
1060 5368 1212 5418 dochmium
1230 5382 1278 5432 pro
1300 5365 1456 5431 antispasto
1477 5364 1707 5431 hypercatalecto
1725 5365 1891 5432 habuerunt,

1059 5435 1143 5486 foedo
1162 5439 1190 5484 et
1208 5432 1334 5484 inaudite
1352 5447 1455 5498 genere
1476 5434 1565 5482 metri.
1588 5434 1630 5482 De
1648 5449 1700 5484 usu
1718 5436 1798 5484 metri
1812 5435 1892 5487 doch·

1059 5504 1142 5553 miaci
1163 5507 1238 5552 recte
1265 5500 1401 5551 iudicavit
1423 5499 1573 5551 scholiasta
1594 5501 1724 5566 Aeschyli
1741 5503 1818 5567 Sept.
1836 5505 1892 5557 101.

1060 5573 1115 5621 etsi
1135 5569 1199 5636 quid
1223 5570 1282 5634 ipsa
1305 5569 1338 5619 de
1360 5583 1489 5619 mensura
1512 5569 1631 5619 dochmii
1653 5569 1818 5622 indicaverit
1838 5587 1891 5621 non

248 5641 332 5690 Metri
349 5637 493 5688 bacchiaci
509 5653 566 5688 una
585 5643 614 5688 et
632 5641 763 5688 constans
780 5637 868 5688 ferma
885 5643 928 5688 est
944 5671 961 5689 ..
975 5657 993 5689 ,ι
1005 5677 1032 5702 .,
1060 5638 1227 5704 perspicitur
1239 5653 1273 5687 ex
1284 5637 1377 5687 verbis
1390 5638 1462 5700 eius,
1478 5634 1495 5687 ὁ
1508 5635 1603 5699 μέντοι
1616 5635 1686 5688 oure
1726 5651 1776 5700 μσς
1789 5637 1893 5701 ῥυθμὸς

195 5708 330 5761 aoecrusi
347 5719 481 5771 nusquam
499 5707 595 5772 longa,
614 5706 730 5772 syllabis
747 5707 839 5772 longis
855 5721 991 5773 nusquam
1004 5708 1033 5758 in
1060 5705 1145 5768 οὕτος
1163 5703 1253 5768 πολύς
1273 5702 1350 5758 ἐστιν
1370 5702 1401 5757 ἐν
1422 5703 1565 5772 θρηνῳδία
1581 5705 1627 5756 καί
1644 5703 1707 5758 ἐπιτ
1728 5705 1801 5767 δειος
1821 5703 1893 5770 πρὸς

1059 4588 1094 4636 ιιι
1108 4603 1150 4651 ορ.
1164 4585 1247 4638 Arist.
1261 4585 1311 4634 Av.
1327 4587 1400 4634 1724.
1415 4581 1439 4634 ιίι
1452 4587 1508 4646 φεῦ
1521 4586 1575 4647 φεο
1591 4587 1643 4648 τῆς
1656 4583 1744 4648 ὥρας,
1761 4587 1814 4637 rell
1827 4584 1891 4637 κάλ-

1059 4655 1133 4716 λους.
1158 4653 1222 4718 Lys.
1235 4653 1309 4704 1814.
1323 4651 1425 4716 άγήται
1437 4649 1466 4702 δ’
1478 4649 1496 4701 ἁ
1508 4649 1600 4716 Λήδας
1612 4654 1677 4713 παῖς
1690 4651 1770 4715 δγνά.

256 5527 305 5584 10.
331 5525 374 5582 Dc
389 5531 478 5583 melre
494 5525 653 5582 borchiaco
668 5531 696 5580 el
708 5525 966 5595 palinrheccbr'eco.

1060 4517 1083 4568 th
1096 4516 1203 4580 Παιὰν,
1217 4513 1323 4568 εὐαίων
1335 4513 1440 4566 εὐαίων
1453 4514 1525 4581 είης,
1543 4513 1567 4566 dr
1580 4515 1689 4577 Λατοος
1706 4520 1765 4571 παῖ,
1790 4519 1893 4569 Trime-
2000 4567 2004 4575 ,
