4272 6596
633 509 975 562 nurnsonrnonn
1002 511 1355 564 suonnssun'rrs.
1780 507 1864 576 205·

650 763 934 841 EIPHNH
986 765 1335 840 AETTEPA.

179 902 300 981 Priorem
318 947 388 996 qnae
405 941 531 999 superest
549 934 629 985 huius
648 935 759 986 fabulae
773 935 923 986 editionem
936 952 979 985 ur·
991 939 994 1031 l
1008 937 1164 1002 scribentis,
1183 919 1394 1002 Ἀριστοφάνης
1407 935 1438 987 δέ
1456 934 1487 987 ἐν
1506 934 1608 1003 Εἰρήνῃ
1628 935 1778 999 σεμνύνων
1797 937 1841 990 καί

147 1007 245 1057 ehonte
258 1007 370 1072 Alcaeo,
384 1011 430 1074 qui
443 1025 594 1074 eponymus
606 1011 661 1060 fuit
674 1011 773 1077 olymp.
787 1013 829 1074 89,
843 1017 877 1076 3.,
891 1020 980 1063 aetam
1006 1011 1093 1075 αὐτὸς
1118 1013 1169 1076 τὰς
1196 1012 1316 1076 Ἀθήνας
1344 1015 1475 1076 μαρτυρεῖ
1503 1012 1542 1074 ὡς
1570 1013 1705 1077 διηνεκεῖς
1731 1011 1788 1064 ἐκεῖ
1814 1013 1842 1065 al

146 1099 206 1134 esse
219 1084 343 1134 novimus
357 1099 389 1133 ex
400 1085 556 1150 fragmento
566 1086 745 1151 didascalico,
760 1088 830 1153 quod
841 1095 980 1139 servatum
991 1057 995 1128 ἰ
1006 1087 1125 1154 δπῶραι.
1155 1092 1191 1141 At
1210 1090 1279 1140 nihil
1298 1089 1455 1139 huiusmodi
1472 1089 1500 1139 in
1514 1086 1616 1153 Εἰρήνη
1630 1089 1741 1154 legitur,
1761 1105 1841 1154 quum

146 1161 188 1207 est
201 1159 230 1206 in
240 1156 389 1210 Ὑποθέοει
403 1160 522 1211 fabulae.
543 1163 692 1227 Repetitae
703 1178 768 1213 vero
778 1163 859 1214 huius
870 1164 980 1215 fabulae
993 1220 995 1231 Ι
1008 1181 1068 1215 cum
1080 1163 1174 1229 Ὥραις
1193 1165 1361 1236 permutavit
1374 1165 1509 1216 Athenaei
1523 1164 1657 1230 deeeptus
1670 1165 1787 1230 epitome
1802 1169 1841 1215 14.

146 1231 276 1283 editionis
297 1234 378 1284 valde
408 1237 523 1286 obscura
547 1243 591 1288 est
617 1232 756 1288 memoria.
792 1240 861 1288 Eam
888 1243 1033 1306 tamenp.
1052 1243 1125 1292 653i.
1292 1243 1301 1258 '

146 1323 200 1357 non
220 1310 310 1373 qualis
329 1311 443 1376 primum
462 1310 611 1376 prodierat,
631 1313 678 1364 sed
697 1314 789 1365 multis
809 1314 876 1365 locis
894 1331 981 1366 corre·
1041 1318 1102 1368 Alio
1122 1318 1201 1368 modo
1220 1320 1366 1382 suspectus
1381 1320 1424 1366 est
1437 1316 1550 1366 Stohaei
1563 1315 1648 1378 locus,
1668 1317 1714 1380 qni
1726 1315 1842 1382 agricul-

147 1389 219 1440 ctam
237 1387 354 1438 iterasse
374 1391 455 1450 poeta
467 1386 585 1438 videtur.
615 1387 700 1440 Cuius
719 1391 759 1439 rei
777 1397 916 1442 auctorem
935 1391 981 1440 ha·
1008 1400 1086 1444 turae
1110 1394 1206 1445 laudes
1230 1407 1370 1460 exponens
1389 1392 1457 1442 haec
1474 1393 1502 1441 in
1521 1393 1656 1458 principio
1675 1393 1776 1458 capitis
1795 1407 1842 1456 po·

146 1468 241 1520 bemus
259 1464 420 1526 scriptorem
432 1463 594 1526 Argumenti
611 1463 640 1513 in
659 1464 781 1515 tabulam
795 1468 980 1532 superstitem,
1008 1470 1064 1520 snit
1082 1470 1157 1520 Flor.
1176 1472 1216 1528 56,
1238 1473 1259 1518 1.

147 1543 225 1592 cuins
258 1539 291 1588 de
319 1539 411 1589 verbis
438 1537 559 1588 videnda
591 1555 661 1604 quae
689 1557 773 1605 supra
801 1542 858 1592 dixi
885 1559 910 1607 p.
938 1545 982 1592 ot.
1111 1543 1331 1608 Ἀριστοφάνους
1350 1541 1475 1608 Εἰρήνης.

146 1615 262 1680 φέρεται
289 1612 320 1665 ὲν
345 1616 406 1674 ταῖς
432 1611 629 1675 Διδασκαλίαις
659 1615 700 1676 δίς
727 1616 876 1681 δεδιδαχῶς
904 1615 980 1681 Εἰρή-
1075 1635 1101 1670 οι.
1128 1618 1187 1684 Τής
1206 1621 1290 1671 πᾶσιν
1308 1617 1500 1682 ἀνθρώποισιν
1519 1617 1635 1684 Εἰρήνης
1654 1617 1737 1682 φίλης

147 1707 199 1756 νην
233 1689 392 1753 ὁμωνύμως
428 1687 641 1755 Ἀριστοφάνης.
692 1690 797 1757 άδηλον
827 1691 892 1759 ούν,
929 1708 980 1756 φη·
1076 1697 1161 1760 πιστή
1180 1693 1297 1760 τροφὸς,
1317 1693 1411 1758 ταμία,
1430 1695 1576 1759 συνεργὸς,
1595 1693 1756 1758 ἐπίτροπος,

147 1767 192 1818 σίν
232 1763 447 1830 Ἐρατοσθένης,
487 1762 611 1831 πότερον
645 1765 700 1830 τήν
733 1767 824 1833 αὐτὴν
858 1767 981 1821 άνεδίδα-
1075 1769 1208 1835 θυγάτηρ,
1227 1769 1350 1833 ἀδελφή,
1369 1768 1463 1820 πάντα
1481 1770 1562 1820 ταῦτ’
1579 1767 1681 1834 ἑχρητδ
1700 1783 1753 1832 μοι.

147 1844 206 1906 ξεν,
230 1843 247 1906 ἡ
272 1839 377 1908 ἑτέραν·
393 1842 530 1904 καθῆκεν,
554 1841 615 1904 ἢτις
643 1841 676 1892 οὺ
704 1842 832 1895 σώζεται.
874 1842 982 1909 Κράτης
1076 1847 1099 1909 β.
1126 1847 1170 1898 ool
1189 1847 1214 1896 δ’
1231 1844 1322 1908 ὄνομα
1339 1845 1374 1908 δή
1393 1842 1421 1895 τί
1439 1841 1527 1905 έστιν;
1558 1859 1584 1895 α.
1612 1845 1685 1908 δτι,
1711 1847 1727 1898 Γ
1730 1841 1842 1909 εωργία.

148 1916 243 1980 μέντοι
265 1914 316 1966 δύο
339 1915 399 1966 οῖδε
422 1913 549 1979 δράματα
570 1914 691 1981 γράφων
715 1919 807 1981 ούτως
827 1917 912 1971 “άλλ’
930 1918 982 1971 ούν
1076 1919 1111 1972 Ὦ
1129 1924 1246 1987 ποθεινή
1265 1924 1324 1983 τοῖς
1343 1918 1457 1981 δικαίοις
1475 1921 1520 1972 καί
1538 1925 1673 1984 γεωργοῖς
1692 1921 1790 1985 ἡμέρα,

147 2006 178 2054 γε
197 1991 305 2053 ἐντοῖς
323 1989 514 2054 Ἀχαρνεθσιν,
532 1991 549 2053 ή
564 1990 759 2058 Βαβυλωνίοις,
778 1993 840 2058 ἢέν
852 1999 888 2061 τῇ
901 1994 981 2060 ἑτέρᾳ
1075 1995 1198 2060 άσμενδς
1207 1995 1310 2050 σ’ἰδῶν
1320 1999 1485 2061 προσειπεῖν
1495 1996 1629 2059 βούλομαι
1638 1995 1842 2059 τάςάμπέλους.

147 2064 279 2133 Εἰρήνῃ.”
316 2065 362 2116 καί
379 2064 526 2130 σποράδην
544 2066 574 2117 δέ
592 2081 655 2118 τινα
674 2069 815 2133 ποιήματα
834 2069 982 2135 παρατίθε-
1009 2074 1144 2124 Postremi
1162 2073 1318 2125 tetrametri
1331 2075 1359 2123 in
1371 2075 1444 2122 Pace
1463 2072 1625 2137 legnntnrv.
1635 2074 1692 2122 560.
1711 2077 1743 2122 ut
1761 2072 1842 2137 plane

146 2159 200 2207 ται,
219 2141 291 2206 άπερ
310 2141 340 2193 ἐν
358 2145 394 2208 τί]
413 2144 466 2192 νύν
484 2142 628 2210 φερομένῃ
647 2145 699 2196 ούκ
717 2144 802 2196 ἔστιν.
833 2145 936 2212 colligi
949 2162 981 2197 ex
1008 2163 1062 2199 non
1080 2147 1203 2200 dubitari
1221 2150 1309 2213 possit
1328 2149 1392 2213 quin
1411 2147 1508 2198 lemma
1528 2144 1746 2210 Ἀριστοφάνους
1765 2143 1843 2211 Εἰρή-

146 2223 189 2272 his
213 2225 305 2288 potest
332 2236 413 2286 quam
441 2235 505 2271 rara
526 2221 581 2270 iarn
600 2223 794 2274 Eratosthenis
813 2227 841 2274 et
860 2224 981 2274 Cratetis
1008 2237 1058 2288 νης
1076 2223 1138 2274 hinc
1156 2225 1186 2273 in
1204 2225 1372 2289 superiorem
1399 2224 1488 2273 locum
1510 2223 1681 2288 migraverit:
1710 2223 1757 2288 qui
1785 2222 1844 2287 plu-

146 2304 241 2350 aetate
264 2298 345 2348 Pacis
370 2296 485 2347 alterius
512 2298 636 2363 exempla
664 2299 775 2350 luerint.
811 2303 871 2363 Quo
895 2303 982 2366 magis
1009 2300 1136 2348 rimorum
1154 2301 1182 2349 in
1201 2297 1321 2350 Stobaeo
1341 2299 1403 2348 lons
1422 2314 1542 2348 errorum
1561 2298 1623 2349 fuit.
1659 2299 1695 2347 Et
1712 2298 1762 2348 hoc
1785 2299 1843 2362 qui·

147 2374 366 2440 prospiciendum
395 2376 438 2422 est
463 2388 496 2422 ne
518 2373 553 2422 ab
583 2377 769 2438 grammaticis
793 2376 878 2426 multo
902 2391 981 2440 quam
1009 2369 1069 2423 de'rn
1087 2373 1226 2424 intellexit
1245 2374 1330 2423 etiam
1348 2373 1526 2432 Gaisfordus,
1550 2374 1596 2438 qni
1615 2387 1710 2423 versus
1727 2371 1790 2422 illos
1809 2388 1842 2421 ex

146 2451 188 2516 illi
214 2449 413 2500 recentioribus
437 2447 562 2497 fraudem
589 2449 669 2500 nobis
696 2449 754 2501 fieri
780 2452 931 2515 patiamur,
959 2453 981 2501 si
1010 2445 1145 2511 Γεωργοῖς
1175 2448 1368 2512 Aristophanis
1403 2453 1546 2514 excerptos
1582 2463 1643 2499 esse
1678 2447 1841 2511 suspicatur.

147 2543 201 2592 qna
220 2543 253 2576 ex
271 2527 342 2576 Pace
360 2524 563 2587 affemntquae
581 2525 609 2574 in
626 2527 775 2589 superstite
793 2527 981 2577 editionenon
1010 2527 1097 2588 Quam
1123 2539 1179 2573 non
1204 2523 1393 2575 illaudabilem
1420 2527 1605 2575 coniecturam
1630 2524 1762 2584 dicerem,
1789 2523 1844 2572 nisi

146 2604 283 2668 legantur.
319 2598 414 2650 Veluti
439 2598 511 2662 qnod
530 2599 695 2650 Eustathius
717 2617 743 2665 p.
763 2604 837 2664 1291,
858 2605 898 2652 26.
918 2604 982 2653 scri·
1009 2601 1094 2650 totius
1117 2599 1266 2662 fragmenti
1286 2599 1359 2649 color
1377 2615 1466 2650 novae
1486 2600 1573 2664 magis
1591 2614 1672 2664 quam
1691 2597 1780 2648 veteri
1799 2613 1842 2646 co·

145 2680 200 2741 bit,
222 2676 313 2728 ἔοικεν
332 2674 348 2726 ὁ
367 2673 467 2738 φιτρδς
485 2671 604 2738 φίτυρός
621 2689 663 2736 τις
682 2675 769 2740 εῖναι,
794 2675 833 2738 ὡς
851 2675 909 2730 ἀπὸ
928 2681 979 2730 τοο
1008 2673 1132 2724 moadiae
1152 2673 1248 2723 similis
1268 2680 1349 2724 esset.
1383 2676 1565 2737 Quamobrem
1583 2674 1670 2724 multo
1689 2672 1843 2736 speciosius

146 2757 226 2818 φῖτυ,
254 2750 270 2802 δ
293 2750 374 2814 δηλοῖ
399 2748 492 2812 φυτὸν
510 2750 528 2813 ἢ
547 2750 690 2815 φύτευμα,
719 2750 758 2812 ῶς
777 2752 980 2818 Ἀριστοφάνης
1009 2749 1042 2799 de
1066 2748 1212 2800 Menandri
1237 2746 1355 2812 Γεωργῶ
1384 2750 1480 2800 fabule
1507 2750 1625 2814 cogitari
1651 2753 1758 2812 posset,
1789 2747 1844 2796 nisi

147 2827 248 2894 Εἰρήνη
268 2824 388 2876 *ἰΠόθεν
407 2824 442 2875 τὸ
460 2827 540 2888 pitu,
560 2823 588 2877 τί
605 2825 640 2876 τὸ
652 2825 746 2889 γένος,
765 2825 807 2888 τίς
820 2825 837 2889 ἡ
852 2827 979 2894 σπορά;”
1009 2824 1177 2874 coniecturis
1189 2823 1329 2873 abstinere
1344 2829 1509 2888 praestaret.
1534 2822 1844 2883 PorroPollu110,188.

146 2905 259 2956 multum
280 2917 379 2953 vereor
401 2916 435 2950 ne
460 2901 542 2950 Pacis
560 2917 670 2952 versum
690 2905 763 2954 11156.
784 2902 820 2953 τὸ
837 2901 890 2968 γάρ
913 2908 980 2968 φῖτυ
1008 2899 1039 2950 ἐν
1057 2901 1128 2960 γοθν
1145 2901 1181 2963 τῇ
1201 2896 1421 2962 Ἀριστοφάνους
1440 2895 1541 2964 Εἰρήνη
1560 2897 1723 2962 γέγραπται,
1745 2894 1806 2960 Τὴν
1818 2895 1844 2946 δ’

146 2984 245 3046 πρῷον
268 2978 335 3042 φύει
358 2993 419 3027 cum
442 2977 514 3026 alius
536 2978 631 3026 comici
654 2979 744 3028 verbis
772 2982 979 3042 commiscuerit,
1008 2974 1089 3038 (male
1108 2974 1155 3024 ulii
1168 2974 1230 3022 libri
1247 2971 1301 3036 τήν
1314 2973 1396 3038 γοθν)
1416 2973 1519 3026 ἀσπίδα
1534 2974 1538 3039 Ι
1555 2971 1675 3038 ἐπίθημα
1687 2975 1729 3039 Τῷ
1743 2969 1843 3035 φρέαῖῑ

147 3058 193 3120 qui
220 3056 341 3105 fortasse
369 3053 553 3104 Pherecrates
577 3053 641 3103 'tuin
677 3055 747 3104 Nam
771 3047 846 3104 hunc
873 3071 979 3121 quoquo
1009 3048 1132 3114 παράθες
1154 3047 1273 3112 εύθέως,
1297 3055 1345 3100 etit
1363 3051 1392 3099 in
1410 3051 1518 3101 nomine
1538 3049 1649 3100 fabulae
1669 3062 1775 3098 errasse
1794 3053 1843 3097 ant

145 3131 278 3182 vocabulo
296 3133 364 3194 φῖτυ
386 3143 465 3178 nsum
485 3143 544 3178 esse
563 3129 598 3178 ab
617 3129 717 3180 Photio
736 3131 873 3194 proditum
892 3141 935 3182 ost
953 3135 980 3182 in
1011 3125 1220 3190 Aristophanem
1253 3142 1301 3191 pro
1328 3126 1504 3191 Theopompo
1536 3125 1647 3176 videtur
1677 3124 1842 3174 nominasse.

145 3205 234 3256 lexico
245 3222 270 3271 p,
280 3207 338 3268 650,
349 3208 373 3254 9,
408 3203 491 3252 Aliud
510 3203 633 3254 eiusdem
650 3207 750 3256 erroris
764 3208 915 3271 exemplum
928 3209 979 3258 for.
1009 3205 1097 3265 Quium
1116 3216 1167 3266 ego
1187 3201 1398 3266 probabiliorem
1417 3216 1477 3250 esse
1491 3201 1625 3251 rationem
1644 3214 1743 3250 censeo
1763 3215 1843 3262 qnam

145 3289 220 3333 tasse
240 3287 283 3332 est
300 3298 344 3346 ap.
363 3279 491 3330 Eustath.
510 3295 536 3344 p.
555 3281 613 3338 801,
632 3284 673 3332 90.
708 3279 871 3346 Παυσανίας
889 3284 920 3335 έν
938 3289 979 3348 τῷ
1011 3277 1137 3339 Dohraei,
1157 3277 1301 3341 quiverba
1319 3278 1368 3326 illa
1388 3284 1436 3327 aut
1448 3274 1581 3338 Πολέμου
1595 3275 1630 3324 ad
1644 3273 1781 3336 Κυδοιμὸν
1795 3279 1842 3324 aut

146 3357 208 3408 κατ’
217 3357 307 3408 αὐτὸν
320 3357 460 3421 ῥητορικῷ
478 3354 577 3417 λεξικῶ
591 3353 624 3406 ού
637 3355 682 3407 διά
694 3356 849 3421 διφθόγγου
861 3357 981 3423 γράφων
1008 3353 1129 3418 Trygaei
1147 3353 1181 3402 ud
1200 3349 1396 3416 άσπιδοπηγδν
1415 3367 1474 3403 esse
1494 3353 1613 3416 putabat
1631 3357 1659 3402 et
1678 3349 1843 3400 adulteram

146 3431 233 3484 αἰνεῖν
252 3434 321 3495 (imo
343 3428 443 3482 αἵνεινε
472 3429 528 3477 vid.
546 3431 697 3484 Herodian.
716 3434 781 3496 περί
799 3448 859 3495 μον.
878 3433 980 3494 λέξεως
1009 3428 1119 3479 subulae
1133 3429 1282 3478 editionem
1295 3429 1435 3479 referebat
1447 3427 1730 3482 interessemus.
1742 3427 1841 3491 p.‘..'0ti.,

146 3524 171 3572 p.
182 3511 223 3570 24,
232 3507 292 3573 18.),
311 3506 383 3558 ἀλλά
395 3504 439 3557 διά
452 3504 539 3568 μόνου
552 3507 603 3556 τού
616 3519 633 3555 α
645 3503 774 3570 διχβδνου
787 3509 882 3572 φησίν,
903 3507 980 3560 άνεῖν
1008 3505 1109 3555 collata
1126 3504 1239 3554 fabulae
1259 3505 1415 3570 superstitis
1435 3510 1514 3569 parte
1534 3521 1550 3554 a
1563 3521 1588 3554 v.
1601 3505 1776 3566 lim-1264,
1794 3503 1848 3574 ubi¹

146 3583 176 3635 ἑν
196 3581 305 3636 ἐκτάσει
324 3582 379 3646 ἔχει
397 3581 431 3632 τὸ
450 3595 477 3632 a.
495 3580 575 3644 δηλοῖ
593 3581 623 3631 δὲ
640 3582 675 3632 τδ
695 3581 832 3646 πτίσσειν,
852 3581 891 3645 ὡς
911 3583 979 3649 Ἀρι·
1008 3578 1175 3642 λοφοποιδς,
1195 3577 1421 3642 θωρακοπώλης,
1441 3577 1663 3641 σαλπιγγοποιδς
1681 3584 1709 3629 et
1727 3576 1842 3642 δορυξὸς

147 3657 292 3724 στοφάνης
315 3657 346 3709 έν
369 3655 472 3723 Εἰρήνῃ
495 3655 583 3719 δηλοῖ.
620 3657 652 3709 Id
676 3659 766 3722 ipsum
788 3661 863 3709 enim
881 3660 979 3711 Phore-
1007 3658 1034 3705 in
1059 3671 1167 3706 scenam
1190 3656 1382 3720 producuntur.
1418 3655 1479 3705 Alio
1503 3655 1582 3706 modo
1605 3659 1725 3706 erratum
1747 3658 1791 3706 est
1813 3655 1842 3703 in

147 3736 232 3786 cratis
249 3735 417 3784 auctoritate
435 3733 595 3798 comprobat
613 3733 789 3785 Herodianus
808 3735 859 3784 lc.
895 3736 979 3799 Aper·
1006 3731 1110 3782 scholio
1133 3731 1252 3782 Nuhium
1275 3731 1346 3792 θθθ.,
1373 3731 1511 3795 exscripto
1534 3731 1569 3780 ab
1594 3729 1679 3780 Suida
1703 3745 1723 3779 a.
1743 3746 1767 3780 v.
1785 3726 1842 3793 Τή·

146 3809 201 3860 tius
225 3810 307 3860 etiam
329 3809 471 3859 Eustathii
493 3813 637 3873 peccatum
660 3815 704 3859 est
726 3824 752 3872 p.
778 3809 855 3873 1573,
876 3812 916 3862 20.
938 3811 979 3859 ita
1007 3821 1097 3872 μερος,
1118 3807 1150 3857 de
1170 3821 1222 3872 qno
1241 3806 1316 3855 inira
1335 3805 1457 3856 dicemus
1475 3805 1511 3855 ad
1529 3806 1626 3873 fragm.
1646 3807 1704 3857 345.

864 4066 1119 4143 ΗΡΩΕΣ.

178 4236 246 4297 288.
282 4241 421 4290 Heroibus
448 4239 560 4290 fabulae
588 4239 622 4288 ah
651 4240 732 4290 choro
754 4256 853 4290 nomen
876 4241 980 4291 iactum
1007 4239 1100 4304 φάνης
1117 4239 1174 4290 ύπδ
1191 4241 1243 4290 τού
1263 4238 1364 4303 μέτρου
1383 4237 1409 4290 οί
1426 4237 1503 4304 ἥρως
1521 4239 1592 4291 εἰπε.
1621 4243 1665 4303 τῷ
1683 4237 1708 4288 δ’
1721 4237 1842 4302 ἠναγκα-

145 4303 185 4366 ad
201 4331 315 4379 eumque
334 4314 509 4366 referendum
527 4314 639 4365 ridetur
655 4330 752 4366 versus
775 4316 909 4366 trochaici
930 4318 980 4365 ini·
1007 4315 1102 4379 σμένῳ
1125 4314 1159 4366 οὺ
1184 4315 1330 4378 χρηστέον.
1372 4316 1449 4377 Quae
1472 4315 1535 4365 hinc
1553 4317 1651 4366 sumsit
1668 4314 1787 4364 Thomas
1805 4315 1841 4363 M.

144 4392 213 4440 tium
233 4392 267 4441 eb
286 4391 478 4442 Choerobosco
497 4395 636 4440 servatum
654 4389 708 4444 vol.
723 4394 745 4440 1.
765 4408 789 4456 p.
803 4394 862 4454 259,
875 4395 899 4443 3.
925 4389 980 4454 Φη-
1007 4407 1032 4455 p.
1051 4393 1108 4440 cst.
1131 4392 1189 4440 425.
1232 4390 1394 4441 Accusativi
1416 4389 1497 4454 ἥρων
1527 4390 1694 4455 exemplum,
1723 4389 1840 4439 sortasse

145 4465 190 4517 σίν
209 4463 381 4529 Ἡρωδιανὸς
399 4464 431 4516 ἐν
449 4468 485 4530 τῇ
498 4463 621 4516 καθόλου
633 4463 711 4530 έντή
727 4465 789 4530 περί
802 4467 853 4530 τῆς
872 4463 980 4527 εύθείας
1006 4469 1096 4531 ipsum
1114 4473 1275 4530 quoque'ex
1292 4466 1346 4516 hac
1365 4465 1472 4528 tabula,
1499 4465 1593 4516 attulit
1615 4465 1768 4516 scholiasta
1785 4465 1842 4513 Ho-

143 4541 204 4590 τῶν
223 4541 422 4606 πληθυντικῶν
444 4538 606 4607 διδασκαλίᾳ
629 4539 668 4602 ὼς
685 4541 703 4604 ή
723 4540 750 4592 οἰ
770 4541 862 4605 ἥρωες
885 4541 980 4592 εὐθεῖα
1007 4543 1074 4592 meri
1092 4540 1170 4591 Iliad.
1190 4545 1230 4605 13,
1248 4543 1307 4591 428.
1329 4541 1409 4606 ήρων
1431 4539 1504 4603 τινὲς
1527 4542 1672 4601 Ἀττικῶς·
1696 4537 1780 4590 “άλλ’
1798 4536 1837 4599 εἰς

52 4635 56 4640 ·
144 4618 205 4667 τῶν
223 4617 424 4681 πληθυντικῶν
443 4616 556 4679 εύρηται
575 4615 646 4666 κατά
659 4619 755 4680 κρᾶσιν
768 4615 843 4680 παρά
857 4615 979 4680 Ἀριστο-
1006 4618 1085 4682 ήρων
1102 4631 1129 4666 τι
1149 4615 1358 4680 παρήμαρτον”
1379 4615 1593 4681 Ἀριστοφάνης.

55 4758 59 4768 ¹
144 4689 229 4754 φάνει
248 4689 279 4744 ἐν
298 4690 438 4755 Ὄρνισιν,
458 4687 520 4742 οῖον
1039 4687 1107 4748 284.
1148 4691 1307 4755 Stephanus
1334 4693 1400 4756 Byr.
1429 4707 1450 4742 s.
1468 4708 1493 4743 ν.
1519 4690 1634 4755 Ἀργος,
1663 4687 1777 4751 Λέγεται
1796 4689 1841 4741 καί

212 4765 246 4818 Ol
263 4767 316 4831 γάρ
334 4767 411 4831 ἥρως
429 4765 510 4829 ἐγγύς
530 4763 608 4830 εἰσιν,
892 4795 895 4800 -
1007 4765 1149 4831 Ἀργόλας.
1186 4765 1223 4816 Ἀ.
1242 4766 1368 4832 Ἥρωσιν
1862 4817 1869 4822 .

144 4841 208 4893 άντί
225 4845 277 4894 τοθ
295 4841 321 4894 ot
339 4842 439 4907 ήρωες.
473 4842 519 4893 Ita
537 4843 566 4891 in
584 4843 731 4907 Equitibns
749 4860 775 4892 ν.
794 4845 852 4893 244.
882 4845 994 4918 Demo-p
1074 4857 1099 4893 α.
1118 4841 1177 4894 Ούκ
1196 4841 1349 4908 ήγάρευον;
1369 4841 1454 4905 ούτδς
1473 4841 1531 4894 ἐστ’
1549 4841 1601 4893 ούκ
1620 4841 1765 4906 Ἀργόλας.

145 4918 270 4982 sthenes,
288 4919 336 4970 uhi
354 4919 464 4983 equites
483 4919 703 4984 appropinquare
717 4917 804 4980 videt,
822 4916 921 4983 άνδρες
938 4918 993 4982 es:
1011 4939 1015 4946 ·
1075 4919 1097 4980 β.
1116 4918 1152 4980 μά
1170 4917 1215 4970 Δί’
1233 4917 1299 4970 ούδέ
1317 4919 1343 4980 γ’
1360 4918 1477 4983 Ἕλλην,
1501 4917 1571 4970 ὅσον
1589 4918 1683 4981 ἔμοιγε
1701 4916 1856 4981 φαίνεταί·
1910 4957 1918 4972 .

143 4993 206 5055 γύς,
224 4993 322 5058 inquit.
360 4992 439 5056 Quod
457 4998 550 5042 autem
567 5009 601 5042 ax
619 4991 745 5056 Ὄρνισιν
757 4992 806 5043 illa
819 4994 979 5058 afferuntur,
1005 4995 1038 5046 V.
1059 4996 1081 5042 1.
1122 4993 1200 5044 Libri
1223 4990 1282 5044 έστί
1305 4992 1332 5055 γ’
1353 4991 1405 5044 οὐκ
1427 5021 1460 5029 -
1478 4992 1539 5044 οὐδ’
1560 4992 1670 5057 Ἕλλην.
1715 4991 1842 5042 Correxit

144 5075 193 5119 aut
215 5069 360 5118 memoriae
382 5068 475 5132 lapsui
498 5067 614 5117 debetur
630 5083 665 5118 ex
682 5069 781 5119 Avium
798 5085 894 5119 versus
908 5072 993 5177 ldilp
1007 5069 1133 5132 Scaliger
1151 5067 1220 5133 App.
1239 5069 1275 5118 ad
1294 5069 1419 5122 Coniect.
1438 5070 1467 5144 iu
1485 5070 1636 5119 Varronem
1654 5086 1672 5134 p
1703 5069 1759 5120 184.

144 5144 204 5210 (αδῖ
223 5139 817 5208 dativusiiputlegitur)recordationeorto,
836 5149 992 5205 autvetus,
1039 5139 1109 5199 285.
1145 5143 1257 5204 Suidas,
1283 5142 1604 5208 Ἀμφορεαφάρους;
1628 5143 1694 5203 τούς
1717 5137 1841 5204 μισθίους

144 5225 186 5268 est
204 5218 313 5269 librarii
331 5233 418 5280 error,
438 5219 572 5283 repetitus
585 5221 669 5270 etiam
683 5220 718 5269 ab
731 5221 848 5270 Lascari
861 5221 977 5272 Gramm.
1005 5219 1072 5280 τοὺς
1091 5217 1126 5269 τά
1145 5217 1261 5282 κεράμια
1278 5216 1436 5284 φέροντας,
1460 5219 1505 5270 καί
1528 5217 1745 5282 άμφορεαφάρος
1764 5215 1779 5267 ὁ
1797 5229 1840 5266 κε-

143 5295 168 5354 3,
187 5295 212 5342 2.
250 5289 284 5344 οί
301 5293 393 5356 ήρωες
416 5293 462 5343 καί
488 5290 584 5356 κράσει
600 5294 690 5358 ἣρως,
714 5293 753 5356 ῶς
771 5296 838 5359 παρ’
857 5294 979 5359 Ἀριστο·
1005 5293 1089 5359 ράμια
1107 5295 1206 5356 μισθοθ
1225 5293 1331 5357 φέρων,
1349 5321 1381 5330 -
1401 5293 1439 5346 Ἀ.
1457 5295 1566 5358 Ἥρωσι
1585 5347 1589 5354 ,

143 5364 228 5430 φάνει
246 5365 277 5418 ἐν
295 5366 404 5432 Ὄρνισι
423 5367 473 5420 “ot
490 5367 544 5432 γάρ
561 5369 639 5433 ήρως
657 5367 738 5432 ἐγγύς
756 5367 853 5420 εἰσιν.”
889 5373 932 5435 τῷ
950 5368 993 5423 δέί
1073 5368 1157 5434 Τρέχ’
1174 5366 1203 5429 ἐς
1219 5368 1273 5418 τὸν
1291 5367 1372 5420 οίνον
1389 5367 1519 5433 ἀμφορέα
1537 5368 1621 5421 κενὸν
1640 5366 1734 5429 λαβὼν

143 5441 217 5494 dnn!
241 5442 353 5508 ῥηθέντι
371 5441 415 5494 διά
438 5444 472 5494 τδ
494 5443 597 5508 μέτρον
620 5445 653 5496 οὺ
672 5445 820 5509 χρηστέον.
864 5448 993 5498 Brevius'
1072 5448 1134 5496 τῶν
1152 5444 1268 5496 ἔνδοθεν
1288 5445 1332 5496 καί
1352 5445 1441 5507 βύσμα
1459 5445 1504 5496 καί
1522 5442 1698 5508 γευστήριον,

142 5519 317 5584 Phrynichus
335 5535 360 5583 p.
381 5520 436 5570 158.
455 5519 497 5568 ed.
516 5519 638 5570 Lobeek.
679 5517 713 5571 Οί
730 5519 807 5583 ήρως
830 5520 864 5572 ού
885 5510 994 5593 λέγουῖΙ
1073 5520 1192 5571 κᾶπειτα
1212 5515 1311 5581 μίσθου
1330 5519 1436 5571 σαυτὸν
1453 5519 1693 5585 άμφορεαφορεῖν.

143 5606 201 5656 αιν,
221 5591 283 5644 ἀλλ’
301 5594 327 5644 ol
345 5593 436 5657 ήρωες
454 5593 658 5660 τρισυλλάβως,
681 5593 727 5646 ἐπί
750 5593 780 5645 δέ
797 5598 848 5660 τής
867 5593 979 5648 αἰτιατι-
992 5650 994 5667 Ι
1006 5599 1165 5664 Legebatnr
1181 5593 1259 5660 τρέχ’
1276 5593 1315 5656 εἰς
1333 5621 1366 5632 -
1383 5594 1437 5646 τὸν
1454 5596 1570 5648 ἔνδοθεν
1588 5596 1633 5646 καί
1646 5595 1743 5658 γεύμα.
1775 5595 1840 5646 Cor-

143 5671 194 5732 κής
209 5667 380 5731 δισυλλάβως
394 5668 461 5730 τοὺς
476 5669 560 5734 ἥρως.
587 5670 660 5722 duat
673 5669 704 5722 δὲ
717 5669 837 5732 βιασθείς
857 5670 979 5736 Ἀριστο-
992 5674 995 5734 ί
1006 5679 1109 5724 rectum
1127 5687 1160 5722 ex
1178 5671 1293 5721 Polluce
1314 5673 1353 5733 10,
1373 5672 1415 5722 lb.
1439 5671 1483 5722 καί
1502 5671 1537 5722 τὸ
1555 5669 1622 5738 παρ’
1641 5669 1837 5737 Ἀριστοφάνει
