4338 6612
382 1554 1059 1653 ΣΟΦΟΚΛΕΟΥΣ
1120 1555 1677 1652 ΤΡΑΧΙΝΙΔΙ.

906 1913 1156 1922 -.———.--u.-.

640 2183 710 2259 ΤΔ
734 2183 840 2261 ΤΟΤ
866 2182 1143 2260 ΔΡΑΜΑΤΟΣ
1168 2181 1418 2259 ΠΡΟΣΩΠΑ

396 2391 400 2404 ”
423 2387 633 2439 ΔΗΙΑΝΕΙΡΑ,
1078 2390 1257 2442 ΑΓΓΕΔΟΣ.

422 2473 552 2524 ΔΟΤΛΗ
569 2473 726 2526 ΤΡΟΦΟΣ.
1077 2473 1201 2525 lum.

422 2557 448 2607 Τ
504 2557 561 2609 ΟΣ.
1078 2559 1266 2612 ΗΡΑΚΔΗΣ.

421 2643 447 2692 X
496 2641 544 2694 ΟΣ
561 2639 754 2694 ῙὙΝΔΙΚΩΝ
771 2641 984 2696 ΤΡΔΧῙΝΙΩΝ.
1078 2643 1260 2694 ΠΡΕΣΒΤΣ.

930 2845 1130 2856 —n--n———n—

387 3013 460 3089 ΕΚ
487 3013 593 3088 ἹῊΣ
618 3013 1020 3091 ΑΠΟΛΛΟΔΩΡΟΤ
1046 3013 1441 3144 ΒΙΒΔΙΟΘΗΚΗΣ.Ιι
1483 3014 1546 3118 (ΙΙ.
1567 3021 1601 3112 7,
1620 3014 1671 3116 ά.)

869 3167 1187 3222 νποοαυτμ

269 3336 426 3415 Ἡρακλῆς
447 3337 711 3418 παραγενόμενος
734 3335 779 3417 εἰς
803 3337 978 3402 Καλυδῶνα
999 3338 1058 3416 τῆν
1082 3337 1203 3417 Οἰνέως
1223 3338 1383 3417 θυγατέρα
1405 3337 1598 3418 Δηιάνειραν
1620 3335 1871 3416 ἐμνηστεύσατο,

180 3437 235 3500 καὶ
257 3436 471 3519 διαπαλαίσας
494 3437 574 3519 ὑπὲρ
595 3442 661 3505 τῶν
683 3439 795 3519 γάμων
818 3439 917 3519 αὐτῆς
939 3438 1023 3519 πρός
1045 3439 1206 3523 Ἀχελῷον
1228 3437 1463 3505 ἀπεικασθέντα
1484 3437 1592 3522 ταύρῳ
1618 3437 1807 3518 περιέκλασε
1833 3436 1871 3501 τό

180 3537 299 3618 ἕτερον
320 3544 387 3606 τιῖιν
409 3540 566 3620 κεράτων·
598 3541 649 3604 καλ
669 3530 728 3619 τῆν
750 3541 806 3620 μέν
829 3541 1024 3620 Δηιάνειραν
1045 3543 1152 3620 γαμεῖ,
1179 3540 1218 3605 τό
1240 3542 1276 3605 δὲ
1297 3541 1393 3620 κέρας
1412 3541 1575 3624 Ἀχελῷος
1597 3538 1763 3621 λαμβάνει,
1791 3539 1870 3617 δούς

180 3638 258 3704 ἀντὶ
283 3640 401 3706 τούτου
428 3641 466 3706 τὸ
492 3645 550 3721 τῆς
579 3641 770 3724 Ἀμαλθείας.
814 3642 979 3723 Ἀμάλθεια
1005 3643 1040 3707 δὲ
1066 3640 1106 3721 ῆν
1133 3641 1283 3722 Αἱμονίου
1310 3642 1466 3722 θυγάτηρ,
1492 3642 1511 3719 ῆ
1534 3641 1629 3721 κέρας
1648 3639 1715 3720 είχε
1735 3640 1870 3720 ταύρου·

179 3743 283 3806 τοῦτο
305 3744 350 3820 δὲ,
364 3741 420 3822 ιίις
442 3743 623 3824 Φερεκύδης
645 3744 737 3826 φησὶ,
761 3744 893 3824 δύναμιν
916 3743 982 3823 είχε
1002 3743 1151 3823 τοιαύτην
1176 3743 1263 3812 ὥστε
1283 3743 1386 3811 ποτόν
1401 3743 1420 3821 ἢ
1436 3742 1573 3824 βρωτόν,
1596 3741 1676 3823 ὅπερ
1692 3741 1731 3808 ἂν
1747 3739 1870 3829 εὔξαιτό

179 3863 251 3921 τις,
283 3845 432 3924 παρέχειν
460 3844 596 3910 ἄπονον.
639 3845 804 3926 στρατεύει
826 3847 861 3910 δέ
882 3845 1039 3925 Ἡρακλῆς
1061 3846 1138 3924 μετὰ
1154 3846 1367 3912 Καλυδωνίων
1387 3845 1438 3910 ἐπί
1452 3845 1685 3924 Θεσπρωτοὺς,
1705 3844 1756 3908 καῖ
1775 3843 1869 3908 πόλιν

179 3945 270 4010 ἑλὼν
290 3945 450 4028 Ἐφύραν,
477 3945 517 4026 ῆς
540 3946 706 4028 ἐβασίλευε
728 3947 853 4028 Φύλας,
881 3946 1096 4032 Ἀστυόχητῆ
1124 3948 1242 4013 τούτου
1270 3948 1398 4028 θυγατρί
1426 3947 1592 4012 συνελθὼν
1619 3947 1724 4026 πατὴρ
1746 3945 1871 4024 Τληπο-

180 4047 284 4127 λέμου
310 4047 438 4125 γίνεται.
481 4049 667 4129 γενομένων
689 4051 725 4116 δέ
746 4050 872 4115 τούτων
894 4049 1120 4129 εὐωχούμενος
1141 4051 1221 4130 παρ’
1244 4049 1340 4128 Οἰνεῖ,
1374 4049 1521 4132 κονδύλῳ
1542 4047 1663 4127 παίσας
1686 4045 1870 4112 ἀπέκτεινεν

181 4147 335 4228 Εὔνομον
363 4152 420 4215 τόν
447 4151 648 4231 Ἀρχιτέλους
675 4153 773 4216 παῖδα
799 4151 879 4216 κατὰ
904 4157 1022 4232 χειριῖιν
1050 4151 1194 4217 διδόντα·
1234 4153 1395 4231 συγγενὴς
1424 4151 1460 4216 δὲ
1482 4148 1581 4228 οὗτος
1604 4149 1735 4228 Οἰνέως.
1778 4148 1870 4213 καίδ

180 4251 244 4330 μὲν
270 4252 373 4332 πατὴρ
399 4255 457 4317 τού
480 4253 600 4331 ’παιδὸς
629 4252 784 4319 ἀκουσίου
812 4253 989 4333 γενομένου
1015 4256 1074 4318 τού
1101 4251 1340 4334 συμβεβηκότος
1368 4252 1619 4332 συνεγνωμόνει·
1652 4251 1808 4330 Ἡρακλῆς
1835 4252 1871 4314 δὲ

181 4351 266 4416 κατὰ
285 4353 341 4418 τόν
363 4353 465 4435 νόμον
488 4355 595 4435 φυγὴν
616 4354 788 4435 ὑπομένειν
810 4355 914 4434 ἤθελε,
935 4355 985 4420 καί
1006 4357 1045 4435 δὴ
1067 4355 1152 4432 ἔγνω
1174 4355 1259 4435 πρός
1275 4355 1379 4434 Κήύκα
1400 4353 1445 4434 είς
1459 4354 1600 4435 Τραχῖνα
1614 4351 1747 4420 ἀπιέναι.
1781 4351 1870 4428 άγων

181 4455 222 4520 δὲ
245 4455 436 4536 Δηιάνειραν
457 4455 505 4536 είς
527 4456 673 4536 ποταμόν
696 4455 824 4537 Εύηνον
846 4455 952 4535 ῆλθεν,
975 4457 1010 4523 έν
1033 4457 1060 4542 ᾧ
1082 4456 1293 4536 καθεζόμενος
1310 4457 1440 4535 Νέσσος
1459 4455 1477 4521 ὁ
1495 4457 1675 4536 Κένταυρος
1690 4455 1767 4532 τοὺς
1782 4473 1859 4534 παρτ

181 4556 285 4636 όντας
306 4557 513 4639 διεπόρθμευε
534 4561 660 4638 μισθοῦ,
683 4559 789 4634 λέγων
811 4559 899 4640 παρὰ
921 4562 1004 4624 θεῶν
1027 4558 1143 4638 ταύτην
1165 4559 1224 4638 τῆν
1245 4559 1421 4638 πορθμείαν
1444 4558 1609 4638 εἰληφέναι
1630 4557 1683 4622 διὰ
1696 4556 1735 4621 τό
1749 4555 1870 4635 δίκαιος
1913 4571 1917 4580 ’

180 4653 275 4722 εἶναι
317 4657 417 4738 αὐτὸς
439 4661 496 4739 μὲν
519 4658 578 4726 οὖν
599 4661 756 4742 Ἡρακλῆς
777 4661 836 4725 τόν
857 4659 1003 4740 ποταμόν
1025 4661 1122 4744 διέβη,
1146 4660 1340 4740 Δηιάνειραν
1362 4662 1398 4725 δὲ
1419 4660 1534 4740 μισθόν
1557 4659 1692 4738 αἰτηθεὶς
1714 4658 1870 4738 ἐπέτρεψε
1893 4645 1898 4658 ’

181 4757 306 4844 Νέσσῳ
338 4761 536 4840 διακομίζειν.
590 4762 609 4827 δ
640 4764 678 4828 δὲ
709 4763 899 4843 πορθμεύων
933 4761 1032 4842 αύτῆν
1065 4762 1228 4842 ἐπεχείρει·
1251 4762 1418 4842 βιάζεσθαι
1465 4763 1522 4840 τῆς
1555 4761 1590 4825 δὲ
1616 4759 1869 4840 ’ἀνακραγούσης

179 4858 377 4942 αἰσθόμενος
399 4863 570 4930 ἐξελθόντα
591 4864 724 4930 Νέσσον
746 4865 916 4930 ἐτόξευσεν
938 4862 983 4943 εἰς
1006 4865 1064 4943 τῆν
1085 4865 1225 4945 καρδίαν.
1268 4863 1287 4928 ὁ
1309 4865 1345 4928 δὲ
1359 4864 1484 4942 μέλλων
1505 4862 1666 4944 τελευτᾶν,
1689 4864 1869 4942 προσκαλε-

179 4961 547 5046 σάμεναςΔηιόνεῳαν,
569 4963 640 5031 εἶπε
661 4969 767 5046 τηρεῖν
791 4967 956 5046 λαβοῦσαν
979 4966 1015 5031 έν
1038 4965 1156 5052 κόχλῳ,
1179 4965 1205 5032 εἰ
1227 4965 1314 5030 θέλοι
1336 4966 1420 5046 πρὸς
1442 4963 1596 5043 Ἡρακλέα
1618 4963 1753 5044 φιλτρον
1775 4963 1869 5043 ἔχειν,

178 5065 242 5130 τόν
264 5085 298 5130 τε
320 5065 370 5131 ἰόν
392 5065 497 5148 ἀφῆκε
519 5067 597 5132 κατὰ
618 5071 677 5148 τῆς
699 5067 819 5147 κόχλου
840 5069 949 5133 καὶτὸ
971 5068 1047 5148 ῥυὲν
1070 5068 1105 5132 ἐκ
1124 5071 1184 5134 τού
1205 5067 1386 5148 τραύματος
1407 5071 1465 5146 τῆς
1487 5065 1597 5145 ἀκίδος
1619 5064 1694 5145 αλμα
1716 5065 1868 5144 συμμίξας

268 5329 278 5355 ²
298 5325 387 5388 Quum
404 5323 552 5390 periissent
571 5339 641 5388 quoe
661 5324 832 5388 grammatici
850 5328 959 5374 veteres
978 5323 1011 5374 de
1030 5329 1190 5389 argumento
1203 5323 1412 5374 Trachiniorum
1431 5323 1608 5389 scripserant,
1627 5320 1790 5384 ὑποθέσεως
1809 5321 1870 5374 loeo

179 5389 343 5456 Apollodori
360 5393 483 5472 namatio
501 5393 651 5472 pree-emisse
670 5398 721 5444 eet.
756 5391 873 5472 Legiiur
891 5391 942 5442 hoo
960 5397 1116 5472 excerptum
1134 5395 1163 5442 in
1176 5391 1270 5472 codice
1283 5392 1520 5473 Laurentianoet
1537 5391 1751 5474 Ροτῖαῖυοθῖλθ,
1770 5403 1803 5440 αττ
1816 5406 1870 5456 quo

178 5459 1694 5594 iiss’f‘ztiiiffiffiizissi‘iiiiii?maiixiii''iiiiii‘ziissmiiiiiigztiffiissi.
1707 5461 1741 5592 2¹?
1754 5459 1870 5577 iiiii.

178 5597 252 5646 Poet
267 5595 366 5646 Aldum
391 5596 470 5661 pluro
492 5595 574 5646 aliter
597 5595 847 5662 seripte'exhibuit
865 5596 1018 5658 Turnebus,
1037 5595 1232 5645 Triclinienum
1259 5600 1372 5646 secutus
1394 5596 1542 5662 exemplar.
1578 5596 1608 5646 In
1632 5595 1683 5646 fine
1707 5595 1817 5644 fabulae
1841 5594 1869 5643 in

176 5663 277 5713 codiee
300 5663 488 5714 Laurentiano
513 5663 643 5729 leguntur
665 5679 759 5715 versuo
781 5664 934 5714 hexametri
960 5663 1091 5715 tredecim
1120 5668 1217 5728 poetae
1239 5663 1328 5726 ignoti
1351 5663 1383 5714 de
1403 5663 1545 5714 duodecim
1563 5663 1692 5714 Herculis
1713 5662 1867 5714 laboribus:

176 5730 254 5798 quod
271 5745 380 5782 eormen
400 5733 504 5797 pariter
522 5733 580 5782 siue
599 5737 697 5797 poetae
716 5733 824 5782 nomine
842 5731 942 5798 legitur
958 5733 988 5781 in
1005 5731 1171 5796 Anthologie
1189 5730 1331 5781 Plenudeo
1349 5735 1374 5795 4,
1393 5734 1434 5785 92.
