4372 6614
610 543 663 594 DE
683 544 838 598 Marsis
865 545 1102 600 POETARUM
1129 546 1414 598 SCENIOORUM.
1827 547 1867 611 37

175 697 219 745 est
235 698 326 744 utrum
348 693 408 747 ἐστ’
426 711 462 746 an
478 692 496 746 ά
512 696 688 747 scribendum
709 698 754 748 sit.
789 699 870 750 Duae
892 699 1007 750 ultimae
1034 696 1174 762 χαλκέοισι
1185 696 1289 759 νώτοις
1300 696 1433 762 οὐρανόν,
1446 713 1605 764 saepevero
1618 705 1647 750 et
1659 704 1734 751 recte
1746 699 1798 750 hoe
1809 698 1870 749 lieri

173 762 304 812 vocabuli
316 763 442 828 syllabae
455 769 637 828 anapaestum
651 765 788 830 incipiunt
800 766 850 817 Ar.
861 770 936 818 1022.
949 766 1009 820 ἐπί·
1035 767 1060 818 si
1071 768 1193 818 secunda
1206 767 1295 833 quinti
1308 766 1386 832 pedis
1399 782 1463 832 pars
1476 767 1536 818 eius
1548 768 1586 818 sit
1595 768 1705 834 generis
1717 772 1748 817 ut
1757 783 1868 832 praece·

172 840 281 891 σκοπας
292 829 354 893 ἥκω
368 829 453 895 δεορο
464 833 507 896 τῷ
520 828 617 897 κυάμῳ
631 830 735 896 λαχῶν.
763 835 837 886 1226.
851 834 875 886 εί
886 837 948 886 τῶν
958 835 1009 899 μέν
1037 835 1114 885 άεπιῖ
1126 835 1211 885 verbo
1224 834 1376 884 adhaereat
1394 839 1423 885 et
1435 835 1516 886 ambo
1530 836 1609 899 quasi
1625 851 1707 886 unam
1719 850 1815 886 vocem
1828 835 1868 890 ei-

172 895 272 948 ἀλλων
285 895 420 962 ἀρχομεν,
437 896 515 961 ὑμεῖς
531 895 593 950 δὀἱ
606 897 673 950 θεοί.
694 898 753 964 (sed
769 901 802 951 ib.
817 903 891 953 1228,
910 901 1008 968 άκροα-
1036 901 1143 964 ficiunt,
1157 901 1307 954 cuiusmodi
1319 902 1375 953 sint
1388 917 1470 953 νοοεε
1483 902 1639 966 εποῖῖιῖεεε,
1652 902 1729 954 νεῖαι

172 961 242 1015 τέον
252 964 318 1029 ύμῖν
328 963 360 1018 έν
369 963 444 1031 μέρει
453 968 514 1018 τῶν
522 965 696 1030 κρειττόνων
708 983 762 1019 non
775 969 956 1034 improbabile
966 977 1009 1022 εει
1103 969 1282 1033 σπεύδωμεν,
1297 967 1470 1033 ἐγκονῶμεν·
1487 968 1560 1031 ήγοθ
1573 984 1631 1033 μοι,
1644 967 1754 1022 τέκνον.

172 1029 306 1096 ἀκροατέ’
317 1032 390 1097 ύμῖν,
405 1034 477 1098 quod
489 1035 613 1084 restitnit
626 1034 812 1102 Blaydesiue.)
830 1037 940 1088 Thesm.
951 1040 1008 1090 637.
1103 1037 1195 1088 ἔτικτε
1206 1035 1260 1102 γάρ
1274 1036 1302 1100 μ’
1313 1035 1431 1100 ἔτικτεν,
1450 1035 1521 1099 ῶμοι
1534 1052 1579 1101 μοι
1592 1040 1694 1093 κακῶν.

172 1098 262 1150 ἔπειτ’
278 1098 433 1153 ἀποδύσετ’
448 1099 531 1152 ἐννέα
547 1097 658 1154 παίδων
676 1099 791 1168 μητέρα.
819 1109 847 1155 ει
864 1106 932 1158 Ραα.
950 1107 1007 1158 233.
1103 1106 1166 1165 πῶς
1178 1105 1247 1170 φῄς
1266 1103 1320 1155 τίν’
1333 1103 1415 1166 εἶπας
1427 1105 1529 1168 μύθους
1549 1103 1627 1166 αύθῖς
1640 1120 1686 1169 μοι
1697 1103 1817 1170 φράσον.

172 1167 239 1232 Lys.
253 1169 309 1220 124.
324 1171 381 1220 tid.
401 1168 473 1220 Plut.
485 1171 543 1223 476.
1102 1170 1189 1235 κρίνω
1203 1184 1235 1223 σε
1249 1174 1329 1222 νικάν
1341 1172 1385 1223 καί
1398 1175 1542 1258 παραινεῖς
1555 1187 1600 1236 μοι
1612 1174 1715 1234 καλῶς.

1103 1237 1158 1290 ἀδ’
1170 1238 1264 1290 ἐνθάδ’
1277 1236 1354 1302 εῖχον
1365 1237 1438 1302 άγάθ
1449 1279 1456 1304 ,
1469 1239 1594 1292 ἀκουσόν
1607 1254 1660 1304 μου
1673 1238 1772 1306 πάτερ.

399 1326 417 1384 3
461 1327 505 1383 D,
520 1343 648 1384 eamr„
663 1332 775 1385 senam,-
1103 1306 1130 1358 τί
1142 1305 1310 1370 παρθενεύει
1322 1306 1408 1370 δαρόν
1435 1305 1499 1361 ἐξόν
1511 1319 1556 1360 σοι
1567 1309 1666 1372 γάμου.

421 1369 428 1384 ”
776 1371 782 1384 ’
1103 1374 1148 1426 καῖ
1162 1376 1217 1438 μὴν
1230 1372 1338 1435 ἐκεῖνος
1350 1346 1444 1426 οὐκέτ’
1454 1374 1532 1428 ἔσται
1545 1389 1589 1429 σοι
1603 1375 1698 1441 βαρύς.

226 1436 350 1487 caesura
370 1437 487 1501 senarii,
512 1454 566 1505 qua
590 1438 712 1490 efficitur
734 1443 766 1489 ut
786 1456 838 1491 vox
862 1441 1008 1493 recitantis
1103 1440 1164 1506 βίον
1176 1441 1200 1492 δ’
1212 1440 1339 1494 ἐπαιτῶν
1352 1437 1427 1506 εἷρπ’
1437 1440 1560 1508 ἀγύρτης
1571 1458 1614 1506 τις
1627 1442 1731 1507 λάτρις.

172 1503 325 1572 paullulum
339 1505 491 1556 subsistere
503 1507 605 1571 possit,
623 1523 678 1557 una
690 1511 732 1560 est
750 1507 874 1574 legitima
887 1513 915 1558 st
927 1507 1007 1574 longe
1035 1510 1081 1562 vel
1094 1517 1175 1562 v'oces
1188 1526 1243 1560 non
1257 1509 1405 1560 encliticae
1419 1511 1540 1574 quidem,
1554 1512 1604 1563 sed
1617 1527 1688 1578 quae
1700 1513 1867 1564 sententiam

173 1573 358 1624 usitatissima
371 1572 445 1638 apud
458 1575 546 1626 omnis
558 1576 667 1640 generis
680 1580 786 1640 poetas,
800 1575 921 1626 Graecos
935 1578 1005 1642 pari·
1035 1589 1084 1628 aut
1096 1593 1205 1629 versum
1217 1578 1346 1628 inchoare
1360 1583 1507 1641 nequeant,
1518 1579 1597 1629 velut

92 1661 96 1666 ·
173 1645 217 1690 ter
234 1647 317 1706 atque
334 1641 464 1708 Latinos,
482 1657 562 1707 quam
577 1643 750 1708 grammatici
766 1643 857 1709 τομὴν
877 1644 1008 1707 πενθημι·
1102 1643 1166 1697 οἷόν
1178 1643 1210 1696 τέ
1223 1659 1269 1707 μοι
1282 1641 1362 1695 τάσδ’
1373 1642 1445 1696 ἐστί·
1464 1646 1578 1711 θνητοῖς
1588 1646 1642 1711 γάρ
1655 1646 1730 1711 γέρα.

173 1709 244 1772 μερή
256 1707 435 1772 appellarunt
449 1714 476 1759 et
489 1724 560 1774 quae
573 1711 673 1770 cuivis,
687 1711 771 1761 etiam
784 1710 867 1760 nullis
880 1713 1006 1762 metrico·
1102 1715 1166 1774 πῶς
1178 1711 1230 1764 οὐκ
1243 1711 1302 1764 όλεῖ
1316 1711 1361 1763 καί
1373 1711 1470 1774 τόνδε;
1489 1711 1555 1779 δόξῃ
1568 1716 1638 1775 γοῦν
1651 1713 1711 1778 ἐμῇ.

174 1793 233 1827 rum
253 1776 409 1842 praeceptis
429 1777 548 1842 imbuto,
570 1777 728 1843 plerumque
750 1783 850 1844 sponte
871 1793 901 1829 se
919 1779 1007 1842 offert,
1102 1780 1164 1832 ἀλλ’
1177 1779 1345 1844 ώςτάχιστα
1358 1779 1468 1844 παῖδες,
1487 1778 1564 1843 ὑμεῖς
1577 1781 1627 1843 μέν
1641 1779 1763 1846 βάθρων.

174 1845 192 1894 i.
211 1861 233 1894 ε.
251 1844 350 1894 incisio
368 1847 432 1910 post
447 1845 524 1896 tertii
542 1845 626 1896 iambi
642 1848 804 1910 anacrusin,
822 1853 852 1897 ut
866 1847 939 1912 apud
955 1849 1007 1897 Ae·
1103 1847 1169 1912 λέγ’,
1188 1845 1212 1898 εί
1225 1846 1255 1898 δέ
1266 1844 1351 1898 πάντ’
1364 1845 1488 1913 εἴρηκας,
1507 1847 1605 1912 ήμῖν*)
1618 1847 1653 1900 αὖ
1665 1847 1753 1914 χάριν.

174 1910 298 1977 schylum
1035 1916 1080 1967 vel
1093 1916 1127 1967 ἀν
1141 1915 1279 1982 particula
1292 1917 1447 1966 arctissime
1461 1931 1521 1966 cum
1529 1916 1614 1969 verbo
1627 1916 1810 1983 praecedente
1823 1934 1866 1968 co-

242 1976 356 2040 Σκύθην
368 1975 396 2039 ές
409 1976 492 2042 οἷμον
508 1977 512 2044 Ι
527 1977 648 2044 άβροτον
661 1978 702 2042 είς
714 1977 839 2045 ἐρημίαν.
1035 1984 1166 2042 haerens,
1185 1983 1262 2034 νεῖαι

244 2043 354 2108 Κάδμου
367 2046 492 2108 πολῖται,
509 2046 514 2112 Ι
529 2049 581 2112 χρὴ
595 2045 689 2110 λέγειν
700 2046 737 2099 τά
749 2045 847 2112 καίρια.
1103 2049 1127 2102 εί
1141 2065 1186 2114 μοι
1198 2049 1288 2112 λέγοις
1299 2049 1354 2113 τὴν
1367 2047 1443 2114 όψιν,
1464 2049 1567 2113 εἴποιμ’
1579 2051 1614 2102 άν
1625 2049 1700 2103 τότε.

242 2113 324 2175 θεοὺς
336 2112 389 2176 μὲν
401 2111 471 2165 αἰτῶ
488 2113 492 2179 Ι
507 2113 595 2165 τῶνδ’
606 2114 775 2179 ἀπαλλαγὴν
787 2114 896 2180 πόνων,
1104 2117 1237 2183 βλέπουσ’
1249 2116 1284 2168 ἂν
1297 2115 1385 2180 αὐγάς
1396 2115 1462 2180 τᾶμ’
1473 2116 1624 2184 έκαρποοτ’
1636 2118 1672 2171 ἀν
1684 2117 1759 2186 λέχη.

173 2197 228 2246 qua
245 2180 276 2231 iit
293 2185 323 2230 ut
340 2197 435 2232 versus
452 2198 506 2233 non
523 2183 553 2232 in
575 2183 644 2234 duas
662 2191 757 2249 partes
778 2184 907 2250 aequales
926 2185 1008 2235 trium
1034 2186 1079 2238 vel
1097 2188 1263 2239 adiectivum
1280 2183 1371 2246 οὐδείς
1391 2192 1419 2237 ει
1431 2184 1527 2248 οὐδέν,
1545 2187 1618 2251 quod
1635 2192 1744 2238 veteres
1760 2187 1866 2240 Atticos

171 2249 324 2300 iamborum
337 2247 522 2300 dividatur-
535 2251 688 2302 cuiusmodi
700 2266 807 2316 versus,
820 2253 875 2301 iam
884 2253 919 2302 ab
932 2257 1007 2303 vete·
1034 2270 1082 2321 pro
1095 2255 1201 2305 duobus
1213 2253 1344 2304 habuisse
1356 2253 1499 2304 vocabulis
1509 2254 1641 2306 credebat
1650 2255 1796 2319 Personas,
1806 2254 1867 2307 οὐδ’

171 2318 249 2368 ribus
261 2317 451 2382 grammaticis
469 2317 642 2383 reprehensi,
659 2334 721 2369 raro
738 2319 900 2369 exciderunt
916 2323 1006 2385 poetis
1035 2320 1075 2384 είς
1088 2327 1116 2372 et
1129 2319 1189 2373 οὐδ’
1201 2319 1246 2383 έν,
1265 2321 1342 2371 νεῖαι

170 2410 206 2422 -
215 2383 266 2435 sed
275 2385 304 2434 in
314 2391 408 2450 partes
418 2384 487 2435 duas
501 2401 614 2452 quarum
625 2388 700 2453 prior
711 2401 766 2436 una
780 2386 888 2452 syllaba
898 2388 1008 2440 brevior
1102 2387 1127 2441 εῖ
1138 2388 1164 2440 δ’
1175 2387 1318 2451 ἐγκρατεῖς
1330 2387 1492 2452 φεύγουσιν,
1512 2387 1594 2440 ούδέν
1607 2389 1648 2441 δεῖ
1661 2393 1767 2442 πονεῖν.

171 2456 217 2503 est
230 2467 311 2519 quam
328 2450 426 2504 altera.
462 2453 585 2503 Alteram
601 2469 682 2519 quam
700 2456 871 2521 grammatici
882 2460 1008 2506 statuunt
1102 2457 1138 2520 ἢν
1150 2454 1175 2507 δ’
1188 2453 1271 2518 ἐγγύς
1283 2454 1350 2520 ἐλθη
1365 2455 1498 2521 θάνατος,
1517 2455 1609 2519 οὐδείς
1623 2457 1759 2521 βούλεται.

172 2535 330 2582 caesuram,
354 2520 446 2586 τομὴν
468 2519 643 2586 ἐφθημιμερή
664 2520 693 2586 (i.
716 2538 739 2573 e.
762 2523 923 2574 incisionem
944 2529 1007 2589 post
1102 2522 1279 2587 ἀμφότερον·
1297 2520 1471 2586 ἀπολειφθὲν
1482 2523 1537 2588 γάρ
1548 2523 1633 2577 οὐδέν
1646 2524 1775 2590 θάτερον.

171 2587 266 2654 quarti
280 2587 364 2638 iambi
376 2589 545 2652 anacrusin),
558 2595 588 2640 ut
602 2589 676 2655 apud
689 2589 854 2654 Aeschylum
1035 2595 1095 2644 Has
1107 2593 1191 2658 igitur
1204 2591 1328 2656 regulas,
1349 2607 1416 2656 quas
1428 2593 1608 2644 manifestum
1621 2599 1664 2646 est
1677 2597 1800 2660 tragicos
1812 2612 1866 2646 non

240 2654 343 2720 χθονός
355 2654 405 2717 μέν
418 2653 446 2717 ἐς
455 2654 597 2721 τηλουρὸν
613 2659 617 2721 Ι
631 2657 738 2722 ἥκομεν
751 2655 846 2708 πέδον.
1035 2661 1146 2722 ῖπεεῖοε,
1165 2659 1215 2710 scd
1227 2657 1351 2709 consulto
1365 2659 1543 2722 observasse,
1562 2662 1586 2710 si
1599 2662 1706 2726 quando
1718 2663 1866 2727 violarunt,

241 2721 323 2786 δῆσαι
336 2719 380 2790 βίφ
392 2721 513 2788 φάραγγι
529 2723 533 2790 l
548 2723 618 2790 πρός
631 2723 818 2790 δυσχειμέρῳ,
1033 2745 1087 2780 non
1101 2727 1189 2792 magis
1202 2725 1355 2776 mirandum
1369 2731 1412 2778 est
1425 2741 1506 2792 qnam
1519 2728 1591 2792 quod
1601 2729 1671 2780 alias
1683 2729 1867 2796 regulasmul-
1889 2785 1895 2793 ,

156 2793 252 2842 'cuius
268 2792 357 2856 ipsius
369 2807 478 2858 quoque
495 2793 536 2844 fre
558 2795 652 2844 uentia
669 2799 735 2845 sunt
749 2792 888 2859 exempla,
907 2809 1005 2860 poetae
1034 2801 1077 2847 tas
1094 2811 1149 2846 non
1166 2795 1194 2844 in
1211 2795 1274 2858 ipsa
1291 2795 1396 2844 numeri
1412 2801 1511 2844 natura
1529 2796 1648 2860 positas,
1667 2797 1718 2847 sed
1735 2798 1794 2849 solo
1812 2797 1870 2855 ele·,

171 2859 343 2911 admiserunt
355 2859 464 2924 quidem
480 2861 529 2910 ubi
540 2807 626 2911 acrba
639 2861 757 2927 priorem
774 2877 829 2912 nou
840 2863 1007 2926 praeberent
1034 2865 1148 2930 gantiae
1167 2860 1256 2912 studio
1273 2861 1415 2924 iuventas,
1433 2867 1463 2913 ut
1480 2878 1563 2928 supra
1578 2864 1702 2915 dicebam
1716 2881 1741 2929 p,
1755 2869 1807 2928 aa,
1826 2867 1866 2916 iu·

171 2941 325 2990 caesuram,
344 2924 392 2977 sed
405 2943 543 2992 uunquam
557 2929 621 2978 data
634 2945 727 2994 opera,
740 2933 771 2979 ut
783 2945 926 2980 caesuram
939 2943 1005 2982 πεν-
1033 2931 1139 2982 terdum
1151 2929 1315 2995 migrarunt.
1340 2931 1522 2993 Quamobrem
1535 2945 1624 2996 neque
1637 2929 1729 2994 οὐδείς
1742 2939 1770 2984 ει
1783 2931 1866 2984 οὐδέν

171 2996 325 3060 θημιμερή,
350 2996 554 3059 quaesiverunt.
592 2999 647 3062 Qui
669 3013 734 3048 vero
756 3011 852 3047 versus
881 3003 1007 3048 neutram
1033 3001 1062 3049 in
1075 2996 1135 3050 οὐδ’
1148 2995 1189 3058 εἷς
1206 3002 1235 3047 et
1251 2993 1311 3066 οὐδ’
1323 2994 1364 3059 έν,
1383 3012 1451 3062 quae
1469 2998 1625 3063 significatu
1638 3000 1781 3060 differunt,
1802 3001 1866 3051 diri·

170 3064 277 3114 habent
289 3077 447 3127 caesuram,
465 3079 512 3114 eos
525 3063 684 3130 legentibus
702 3065 872 3130 reliquerunt
888 3066 933 3116 vel
945 3067 1006 3117 sine
1033 3065 1133 3117 menda
1145 3080 1206 3115 esse
1220 3063 1348 3114 videntur
1360 3070 1388 3114 et
1401 3080 1435 3115 ne
1447 3065 1588 3132 Euripidis
1602 3067 1710 3132 quidem
1721 3068 1796 3118 lonis
1805 3084 1865 3120 ver·

170 3145 260 3198 pausa
273 3131 407 3196 recitare-1,
427 3131 499 3195 quod
511 3146 564 3182 non
579 3131 691 3182 difficile
705 3135 789 3182 estin
801 3148 883 3183 versu
895 3149 929 3183 ex
942 3133 1006 3183 duo·
1033 3149 1080 3184 sus
1093 3135 1196 3200 primus
1208 3130 1311 3192 Ἀτλας
1325 3131 1340 3183 ό
1353 3130 1494 3196 χαλκέοισι
1506 3132 1609 3196 νώτοις
1622 3132 1747 3199 ούρανδν
1760 3141 1866 3186 mutan·

171 3199 262 3250 decim
276 3201 385 3250 tentum
397 3199 513 3264 syllabis
530 3201 695 3266 composito,
712 3200 759 3252 vel
776 3200 927 3266 paullulum
944 3201 1006 3252 sub·
1035 3202 1085 3252 dus
1098 3202 1179 3263 foret,
1198 3200 1252 3250 uisi
1264 3202 1348 3250 verba
1361 3201 1484 3265 proxima
1497 3204 1628 3267 antiquae
1643 3204 1867 3269 interpolationis

170 3269 273 3318 sistere
286 3281 450 3331 quacunque
467 3269 495 3316 in
508 3267 574 3318 sede
587 3269 691 3318 senarii
708 3283 805 3319 sensus
822 3273 850 3318 ct
868 3273 1006 3320 structura
1035 3272 1117 3319 trium
1136 3268 1281 3333 primorum
1298 3283 1425 3318 versuum
1445 3270 1633 3335 suspicionem
1654 3277 1809 3333 moverent,
1832 3273 1865 3326 de

170 3335 318 3386 verborum
334 3334 517 3399 permitteret.
558 3334 637 3400 Quod
653 3341 729 3387 tanto
752 3337 841 3386 minus
860 3337 1006 3388 incommo-
1036 3353 1090 3402 qua
1107 3335 1229 3402 pluribus
1246 3334 1304 3385 dixi
1320 3335 1350 3384 in
1366 3336 1488 3389 Praeiat.
1507 3336 1543 3387 ad
1559 3339 1701 3402 Sophoclis
1718 3339 1867 3390 editionem

170 3403 236 3453 dum
250 3407 303 3466 est,
322 3417 402 3466 quum
415 3401 571 3453 huiusmodi
587 3417 682 3453 versus
695 3419 830 3468 nusquam
842 3419 891 3470 per
903 3404 1007 3470 longio-
1036 3405 1211 3470 Lipsiensem
1225 3401 1271 3464 (ex
1284 3404 1371 3454 Poetis
1382 3405 1490 3454 scenicis
1499 3407 1667 3470 expressam)
1682 3408 1789 3468 ε.1867.
1799 3425 1826 3473 p.
1836 3408 1866 3457 V.

170 3485 230 3522 rem
240 3469 339 3520 seriem
350 3471 555 3536 continuentur,
565 3471 782 3536 sedplerumquc
793 3471 895 3537 singuli
902 3477 1008 3523 tanturn
1036 3474 1092 3522 Nee
1106 3470 1178 3534 quod
1193 3469 1267 3534 apud
1277 3470 1442 3533 Aeschylum
1455 3471 1556 3537 legitur
1569 3471 1645 3525 Pers.
1657 3477 1715 3525 821.
1732 3476 1838 3538 νωμῶν
1851 3474 1867 3526 ό

169 3539 247 3590 inter
264 3537 335 3589 alios
352 3537 516 3589 alterutram
537 3553 678 3590 caesuram
700 3539 850 3606 legitimam
871 3540 1008 3591 habentes
1033 3539 1060 3591 τ’
1069 3537 1167 3599 ἐσθλός
1181 3535 1360 3601 Ἀριόμαρδος
1371 3535 1507 3603 Σάρδεσιν
1519 3541 1587 3590 satis
1598 3557 1713 3592 caussae
1725 3549 1776 3603 ost,
1788 3559 1865 3607 prae·

169 3606 356 3672 reperiantur.
391 3605 438 3657 Sic
459 3606 533 3672 apud
549 3607 713 3671 Aeschylum
736 3609 764 3656 in
781 3607 944 3659 Prometheo
966 3609 1007 3658 in·
1034 3608 1129 3658 sertim
1147 3607 1175 3656 in
1187 3605 1296 3655 nomine
1310 3607 1429 3672 proprio,
1448 3623 1496 3656 cur
1508 3608 1637 3658 vitiosum
1649 3608 1797 3671 habeatur,
1816 3615 1865 3660 aut

168 3681 214 3726 ter
235 3675 362 3724 senarios
385 3677 442 3726 105.
463 3675 565 3740 primos
590 3675 769 3740 septuaginta
791 3680 854 3726 octo
877 3680 942 3725 sunt
959 3676 1006 3742 qui
1037 3675 1109 3741 apud
1121 3673 1282 3739 Euripidem
1294 3673 1405 3724 Heracl.
1417 3677 1473 3724 530.
1490 3675 1535 3724 καῖ
1552 3678 1746 3738 στεμματοθτε
1761 3678 1807 3729 καῖ
1819 3691 1866 3728 κα-

170 3757 315 3793 caesuram
336 3743 544 3808 πενθημιμερῆ,
570 3743 670 3808 viginti
692 3747 798 3808 septem
821 3744 868 3808 qui
892 3741 1005 3808 έφθημι-
1034 3740 1173 3807 capreos,
1189 3737 1213 3791 εἰ
1224 3738 1309 3802 δοκεῖ,
1323 3745 1351 3790 et
1362 3741 1398 3790 ib.
1411 3739 1643 3806 810.άιφίλταθ’,
1656 3743 1732 3806 ἥκεις
1744 3741 1799 3808 ἀρα
1811 3756 1866 3797 συι-

168 3811 242 3874 μερῆ
257 3809 394 3874 habeant,
412 3809 504 3861 nullus
524 3812 570 3876 qui
588 3816 714 3860 neutram
732 3810 836 3860 habeat
854 3825 1004 3872 caesuram,
1033 3811 1088 3875 τὴρ
1105 3812 1165 3874 νῶν
1182 3805 1281 3871 φανείς
1299 3805 1380 3872 (quae
1398 3809 1544 3860 verborum
1560 3809 1705 3863 collocatio
1723 3812 1867 3863 Percosia·

170 3878 272 3944 quales
292 3879 375 3943 pauci
397 3884 461 3928 sunt
481 3877 626 3942 Aeschyli,
652 3876 746 3943 paullo
768 3878 858 3944 plures
879 3878 1005 3940 alienam,
1034 3894 1086 3928 nae
1099 3879 1159 3940 νῶν
1169 3873 1267 3939 σωτήρ
1278 3879 1420 3941 praestare
1431 3875 1551 3942 videtur)
1562 3884 1610 3929 aut
1620 3879 1694 3944 apud
1705 3879 1866 3946 Sophoclem

167 3945 251 3996 νεῖαι
265 3945 339 3996 Pers.
351 3947 409 3996 465.
427 3943 532 4011 Ξέρξης
550 3945 575 3996 δ’
589 3943 745 4010 ἀνῴμωξεν
757 3947 853 3997 κακῶν
871 3944 947 4010 δρῶν
961 3946 1006 4008 βά·
1035 3945 1104 4000 Oed.
1118 3943 1148 3994 0.
1165 3945 1239 3994 1543.
1257 3944 1342 4006 σφῶν
1354 3941 1390 3993 αὖ
1403 3941 1550 4008 πέφασμαι
1563 3946 1669 4010 καινός,
1688 3946 1786 4012 ῶσπερ
1799 3947 1865 4012 σφὼ

167 4013 228 4075 θος.
266 4014 323 4064 501.
346 4012 481 4078 στρατός,
499 4015 572 4081 περᾷ
590 4013 829 4079 κρυσταλλοπῆγα
845 4011 889 4065 διά
906 4011 1005 4077 πόρον.
1035 4010 1127 4077 πατρί,
1148 4017 1176 4061 ει
1188 4010 1260 4061 Phil.
1273 4013 1315 4062 22.
1332 4009 1409 4074 άμοι
1421 4011 1590 4075 προσελθὼν
1607 4017 1672 4076 σῖγα
1690 4013 1803 4079 σήμαιν’
1815 4014 1867 4066 εἰτ’

166 4083 227 4133 503.
248 4077 364 4146 θρῄκην
380 4077 554 4144 περάσαντες
572 4079 651 4144 μόγις
669 4079 768 4147 πολλῶ
786 4079 876 4145 πόνῳ.
912 4083 1007 4147 Agam.
1033 4079 1096 4144 ἔχει
1131 4079 1224 4129 Minus
1237 4084 1343 4128 certum
1360 4084 1404 4130 est
1416 4079 1489 4145 apud
1502 4082 1618 4132 eundem
1634 4084 1676 4132 Ai.
1691 4085 1764 4134 1101.
1777 4081 1866 4136 ἔξεστ’

165 4151 229 4200 043.
251 4147 349 4200 πιθοθ·
368 4145 469 4212 κράτος
481 4147 577 4212 μέντοι
589 4147 677 4213 πάρες
691 4147 719 4211 γ’
731 4148 805 4200 ἑκὼν
817 4147 888 4210 ἐμοί.
922 4148 1005 4214 Soph.
1034 4146 1167 4200 ἀνάσσειν
1180 4143 1223 4196 ῶν
1236 4145 1279 4197 ὅδ’
1290 4144 1381 4208 ἡγεῖτ’
1397 4147 1599 4215 (apographum
1616 4165 1699 4200 unum
1715 4149 1811 4214 ἤγαγ’)
1828 4149 1867 4201 oi-

166 4217 239 4267 Oed.
256 4215 289 4268 R.
307 4217 365 4266 310.
388 4216 426 4279 μὴ
448 4216 518 4281 πρὸς
540 4217 615 4268 θεῶν
635 4217 754 4280 φρονῶν
775 4215 802 4278 γ’
818 4215 1006 4284 ἀποστραφῇς
1033 4215 1133 4275 κοθεν,
1152 4215 1199 4265 ubi
1215 4213 1308 4264 facilis
1325 4219 1354 4264 et
1372 4215 1522 4278 probabilis
1541 4222 1584 4268 est
1600 4217 1713 4268 Poreoni
1731 4220 1866 4270 correctio

166 4281 241 4347 ἐμοί.
282 4284 376 4349 Εατῖρ,
394 4285 462 4336 Ηεε.
480 4285 539 4336 355.
556 4283 664 4346 γυναιξί
681 4282 833 4348 παρθένων
849 4283 875 4335 τ’
886 4282 1005 4348 ἀπόβλε·
1033 4285 1111 4347 ἠγεν.
1131 4288 1158 4332 ει
1170 4281 1237 4331 Oed.
1251 4281 1281 4332 0.
1294 4282 1351 4332 004.
1365 4283 1479 4346 θαρσεῖν
1492 4283 1543 4346 μέν
1555 4282 1606 4336 οὖν
1618 4283 1708 4346 ἔγωγε
1721 4282 1806 4337 κάνευ
1814 4287 1867 4348 τῆς

165 4365 242 4412 πτας
256 4348 334 4412 μέτα.
372 4353 535 4417 Quanquam
554 4351 703 4403 interillos
716 4367 823 4418 quoqne
840 4367 936 4405 versus
949 4354 1004 4417 qui,
1033 4351 1099 4416 ἐμῆς
1137 4350 1184 4400 ubi
1197 4347 1249 4399 κάν
1265 4347 1298 4411 ἐμ
1318 4363 1332 4408 ς
1349 4347 1417 4401 άνευ
1435 4353 1554 4402 restitui.
1578 4352 1673 4418 Eurip.
1685 4351 1745 4418 Iph.
1758 4353 1791 4404 Τ.
1809 4356 1866 4404 580.

165 4419 477 4485 sirerbaperseipsa
493 4425 663 4486 spectamus,
681 4419 844 4472 alterutram
861 4435 1005 4471 caesuram
1033 4388 1123 4483 κάμοί.
1148 4416 1184 4468 τό
1196 4416 1221 4466 δ’
1233 4414 1300 4477 εύμ
1338 4415 1402 4468 ιστά
1417 4418 1445 4480 γ’
1456 4417 1533 4470 οὕτω
1546 4415 1686 4482 γίγνεται,
1704 4421 1751 4470 ubi
1768 4420 1867 4471 Porso·

165 4487 326 4552 legitimam
344 4487 481 4550 habeant,
498 4503 552 4538 non
570 4488 651 4553 pauci
670 4491 734 4538 sunt
751 4503 818 4553 quos
835 4488 894 4538 sine
911 4488 1005 4540 istius·
1034 4502 1085 4536 nus
1098 4484 1163 4539 ὧδε.
1189 4485 1346 4536 Omittimue
1359 4484 1417 4536 alia
1429 4501 1499 4551 quae
1511 4486 1556 4537 vel
1573 4487 1723 4537 manifesto
1736 4493 1867 4552 corrupta

164 4555 245 4606 modi
258 4568 375 4604 caesura
387 4556 503 4605 recitare
517 4560 642 4620 praestet
659 4570 740 4621 quam
751 4556 904 4606 reluctante
922 4570 1004 4606 sensu
1034 4557 1097 4604 sunt
1108 4554 1153 4604 rel
1165 4553 1195 4602 in
1212 4553 1339 4604 versibus
1357 4552 1487 4618 leguntur
1503 4569 1570 4620 quos
1589 4554 1803 4620 interpolatores
1820 4571 1865 4607 νε·

165 4623 318 4675 verborum
332 4621 467 4686 incidere,
485 4628 516 4673 ut
534 4623 605 4688 apud
618 4623 784 4688 Aeschylum
802 4623 875 4688 Sept.
889 4639 915 4673 ν.
930 4625 1004 4678 1048.
1033 4627 1106 4672 teres
1125 4620 1271 4672 linxerunt.

165 4689 232 4742 ἀλλ’
244 4685 283 4740 δν
294 4687 376 4750 πόλις
388 4693 497 4755 στυγεῖ,
515 4689 551 4742 σύ
567 4689 693 4754 τιμήσεις
704 4688 822 4754 νεκρόν,
842 4691 886 4741 cui
903 4692 926 4741 si
944 4707 1005 4742 cae·
1032 4707 1183 4716 ···-·-

164 4773 265 4809 suram
277 4753 453 4822 έφθημιμερῆ
464 4757 608 4822 adhibeas,
625 4757 661 4810 σύ
675 4759 709 4808 ab
722 4759 806 4810 verbo
818 4773 868 4808 suo
880 4755 1006 4821 τιμήσεις
1084 4754 1110 4822 *ί
1128 4753 1162 4804 In
1175 4754 1227 4806 hoc
1238 4767 1322 4804 versu
1338 4755 1471 4820 Aeschyli
1482 4757 1571 4807 Prom.
1584 4758 1643 4809 820.
1662 4757 1772 4823 syllaba
1785 4759 1868 4826 longa

166 4825 351 4876 dirimindum
369 4825 430 4876 erit.
460 4827 577 4892 Propter
591 4825 706 4876 eandem
723 4827 813 4876 iustae
830 4827 1005 4878 recitationis
1036 4822 1204 4873 removenda
1219 4822 1308 4872 videri
1324 4829 1419 4888 posset
1431 4825 1562 4875 restituta
1580 4825 1721 4890 trochaica
1733 4829 1868 4892 pronomi-

164 4893 396 4945 observationem
412 4894 539 4944 versibus
556 4893 603 4959 qui
620 4892 756 4960 duplicem
773 4893 924 4945 admittunt
944 4909 1004 4944 cae·
1035 4891 1078 4940 uis
1092 4891 1197 4941 formae
1216 4887 1296 4953 ἡμίν,
1314 4891 1369 4940 nisi
1386 4890 1564 4956 Aeschylum,
1582 4894 1742 4958 pariterque
1759 4894 1868 4960 Euripi·

164 4975 279 5024 suram,
295 4960 340 5011 vel
353 4961 545 5027 πενθημιμερῆ
557 4960 602 5011 νεῖ
615 4959 803 5027 ἑφθημιμερῆ,
821 4977 905 5026 saepe
919 4961 1006 5012 altera
1035 4958 1110 5020 dem,
1129 4972 1268 5021 nunquam
1280 4973 1314 5008 ea
1326 4973 1404 5009 usum
1417 4973 1477 5010 esse
1492 4964 1646 5021 constaret,
1664 4969 1781 5027 excepto
1795 4962 1868 5027 quod

164 5030 265 5096 potius
278 5035 360 5093 quam
373 5030 448 5094 prior
460 5029 619 5080 adhibenda
637 5034 680 5079 est
698 5044 827 5092 caesura,
847 5029 923 5080 velut
935 5031 1007 5095 Aga·
1035 5024 1187 5088 Aeschylus
1200 5026 1229 5073 in
1241 5041 1323 5076 versu
1337 5025 1477 5091 dactylico
1489 5027 1568 5076 Eum.
1580 5030 1638 5082 347.
1658 5029 1728 5079 dixit
1744 5028 1790 5093 ἐφ’
1802 5027 1868 5092 όμῖν

164 5095 326 5148 memnonis
344 5098 436 5147 versui
448 5099 472 5146 2.
488 5097 614 5163 φρουράς
631 5093 721 5158 ἐτείας
733 5099 834 5160 μῆχος,
853 5094 890 5160 ἣν
903 5096 1006 5160 κωμῶ-
1036 5091 1165 5158 ἐκράνθη.
1196 5091 1346 5157 Sophocles
1359 5109 1424 5144 uero
1437 5108 1519 5158 quum
1531 5096 1672 5148 trochaico
1684 5094 1753 5159 ἡμῖν
1765 5102 1794 5148 ει
1803 5094 1868 5160 ύμῖν

165 5177 257 5228 μενος
271 5189 319 5226 -,
337 5165 385 5218 ubi
397 5167 482 5216 rerba
495 5165 605 5230 quidem
626 5180 768 5216 caesuram
780 5165 931 5216 admittunt
943 5179 1008 5216 πεν-
1036 5176 1119 5227 saepe
1131 5174 1198 5211 usus
1210 5161 1247 5210 sit
1259 5167 1346 5212 metro
1359 5161 1530 5226 postulante,
1548 5163 1617 5214 nihil
1632 5165 1749 5229 impedit
1765 5167 1868 5232 quami·

165 5232 314 5298 θημιμερῆ
332 5235 394 5296 post
410 5230 514 5295 ἐτείας,
538 5233 587 5283 sed
610 5247 706 5284 sensus
726 5232 871 5283 verborum
893 5232 1008 5284 alteram
1035 5242 1086 5279 nus
1107 5229 1136 5278 in
1161 5227 1258 5293 quinto
1276 5229 1346 5294 pede
1368 5245 1397 5278 ια
1418 5230 1544 5280 omuibus
1564 5231 1719 5284 huiusmodi
1741 5233 1868 5284 versibus

164 5299 298 5366 postulat
310 5313 452 5350 caesuram
465 5304 528 5365 post
540 5301 635 5364 μῆχος.
1036 5297 1123 5348 iorma
1135 5295 1277 5348 trochaica
1290 5299 1467 5362 restituatur,
1485 5297 1562 5348 velut
1576 5298 1643 5350 Oed.
1654 5300 1685 5350 C.
1696 5303 1737 5354 25.
1751 5302 1806 5362 πῶς
1814 5299 1867 5366 γάρ

218 5366 293 5416 cam
311 5381 429 5417 caesura*
446 5367 644 5432 quodammodo
663 5368 811 5419 coniuncta
828 5371 871 5419 est
884 5371 1008 5434 quaestio
1035 5377 1077 5425 τις
1098 5362 1170 5428 ηύδα
1190 5362 1276 5415 τοθτό
1297 5363 1324 5426 γ’
1342 5363 1409 5427 ἡμῖν
1430 5363 1577 5430 ἐμπόρων,
1596 5366 1754 5432 pariterque
1776 5369 1812 5420 ib.
1827 5371 1868 5420 81.

164 5431 312 5501 quaedam
324 5433 358 5484 de
371 5434 452 5499 pedis
468 5437 559 5500 quinti
572 5435 803 5499 conformatione,
823 5436 857 5487 de
874 5451 928 5501 qua
939 5437 1009 5486 Por·
1037 5433 1196 5485 10381167.
1215 5434 1289 5483 1408.
1319 5430 1387 5484 Oed.
1400 5435 1432 5484 R.
1450 5433 1524 5485 1482.
1547 5433 1678 5486 Εῖ.1328.
1696 5437 1770 5486 1332.
1795 5437 1867 5488 Phil.

169 5517 259 5554 sonus
272 5502 303 5552 in
316 5501 408 5552 Praei.
423 5503 459 5552 ad
472 5505 536 5554 Eur.
548 5504 615 5554 lice.
633 5518 660 5568 p.
674 5507 714 5555 30.
732 5504 892 5555 observavit
903 5516 1008 5570 paucos
1035 5502 1092 5550 531.
1105 5500 1280 5565 servavitque
1297 5515 1357 5550 eam
1369 5500 1472 5565 passim
1484 5501 1569 5552 codex
1581 5502 1796 5566 Laurentianus,
1815 5505 1869 5555 etsi

166 5571 197 5622 in
210 5570 385 5641 tragicorum
399 5564 504 5622 fabulis
516 5585 611 5622 versus
624 5571 741 5636 reperiri
757 5573 785 5621 in
799 5573 897 5636 quibus
909 5571 1008 5622 ultima
1036 5569 1195 5632 plerumque
1209 5564 1275 5631 ἡμιν
1291 5573 1319 5619 et
1331 5565 1396 5630 ὕμιν
1408 5570 1539 5634 scriptam
1553 5569 1698 5620 seeundum
1712 5573 1868 5635 grammati-

165 5637 257 5703 longa
276 5637 355 5688 vocis
372 5636 665 5703 hypermonosyllabae
688 5639 801 5704 primurn
824 5639 902 5703 pedis
919 5641 1008 5704 quinti
1036 5650 1128 5685 eorum
1141 5633 1309 5699 quorundam
1323 5637 1488 5701 opinionem,
1503 5638 1581 5687 cuius
1593 5638 1745 5690 vanitatem
1759 5639 1867 5690 ostendi

164 5712 283 5774 partem
302 5708 410 5768 teneat,
428 5711 459 5756 ut
475 5707 505 5756 in
522 5706 602 5756 initio
619 5707 695 5758 Ionis
711 5707 854 5772 Euripidis
870 5704 973 5768 Ἄτλας
991 5706 1007 5758 ό
1034 5703 1063 5752 in
1075 5704 1168 5754 Praei.
1190 5705 1226 5755 ad
1239 5703 1351 5755 Homeri
1368 5703 1411 5756 ed·
1425 5705 1501 5771 Lips.
1516 5710 1642 5771 quartam
1658 5705 1712 5756 vol.
1725 5706 1747 5758 1.
1764 5722 1791 5774 p.
1805 5705 1867 5756 VII.
1888 5723 1891 5730 ι
