4372 6614
277 497 286 584 j
322 507 364 571 52
772 507 826 556 on
855 505 1007 557 uaruss
1035 503 1270 556 rossanum
1297 501 1583 554 sonumoauu.

323 661 400 711 velut
420 677 463 726 ap.
476 659 574 711 Aesch.
587 660 676 710 Prom.
693 661 749 710 173.
768 655 814 709 καί
831 656 859 720 μ’
870 656 938 708 οὔτε
952 655 1155 722 μελιγλώσσοις
1185 656 1266 707 detur
1278 671 1338 707 cum
1351 655 1490 719 anacmsi,
1504 655 1731 722 quemadmodum
1741 655 1887 722 Sophoclis
1899 671 2012 718 versum,

324 729 453 788 Πειθοῦς.
490 727 561 778 Raro
579 741 693 776 caesura
710 741 819 793 prorsus
837 731 881 776 cst
898 727 1045 791 negledta,
1061 729 1092 775 ut
1108 741 1153 790 ap.
1184 725 1217 775 de
1234 739 1287 788 quo
1306 739 1389 790 supra
1406 723 1533 773 dicebam
1550 739 1576 788 p.
1588 725 1643 785 50.‚
1666 720 1829 786 εὐδαίμονες
1845 720 1903 776 οίσι
1920 726 2013 775 κακῶν

323 798 406 848 Arist.
423 796 489 845 Pac.
508 798 582 846 1002.
598 791 723 846 δούλοισι
743 790 940 857 χλανισκιδίων
962 795 1076 858 μικρῶν·
1103 795 1154 845 Ar.
1184 789 1320 854 ἄγευστος
1333 789 1405 842 αίιύν
1420 806 1473 843 uon
1487 792 1842 856 anapaestico-iambicum,
1859 791 1909 842 sed
1923 792 2013 854 dacty·

324 867 382 916 523.
401 865 453 914 νύν
470 862 495 913 δ’
511 859 665 926 ἀνδράποδ’
677 860 800 926 ἠλιθίους
822 858 928 921 Μανᾶς.
959 863 1018 912 530.
1036 857 1155 911 κόπειτα
1183 859 1437 910 lico-trochaicum
1459 873 1519 908 cum
1542 860 1670 909 anacrusi
1695 874 1756 910 esse
1779 873 1877 910 versus
1900 860 2012 925 proximi

325 928 534 983 κατεσκέδασαν
550 926 662 994 θερμόν.
689 929 798 980 Thesm.
815 930 856 980 50.
876 926 969 990 μέλλει
986 927 1039 992 γὰρ
1056 926 1071 977 ό
1089 927 1154 978 καλ-
1184 928 1293 978 docent.

324 999 423 1064 λιεπὴς
436 997 574 1061 Ἀγάθων.
609 997 731 1047 Mnesim.
746 1013 790 1061 ap.
804 995 900 1046 Athen.
913 999 937 1046 a.
950 1011 975 1060 p.
989 999 1039 1047 403
1052 1011 1077 1045 a.
1091 1008 1155 1059 apo·
1235 995 1338 1046 Versus
1351 995 1398 1058 qui
1411 995 1446 1045 ab
1460 994 1551 1045 iambo
1564 999 1629 1045 ante
1643 999 1813 1061 anapaestos
1824 995 1974 1061 incipiant,
1986 1001 2013 1046 ut

323 1067 378 1132 τὴρ
391 1063 575 1130 ἐξερροίβδητ’
587 1061 674 1114 οίνου.
1184 1061 1314 1125 Aeschyli
1328 1063 1404 1127 Sept.
1417 1064 1474 1114 751.
1489 1059 1619 1125 ἐγείνατο
1632 1060 1684 1126 μέν
1697 1061 1786 1126 μόρον
1798 1061 1877 1125 αὑτῶ
1893 1062 1897 1122 Ι
1913 1075 2012 1127 πατρο-

374 1135 407 1184 Ιιι
424 1134 550 1185 versibus
566 1132 747 1197 paroemiacis
765 1131 818 1181 etsi
835 1131 966 1196 frequens
984 1135 1026 1181 est
1044 1145 1156 1180 caesura
1184 1127 1288 1182 κτάνον
1306 1127 1471 1192 Οίδιπόδαν,
1491 1129 1562 1180 male
1580 1145 1597 1179 a
1609 1131 1772 1194 quibusdam
1790 1130 1844 1182 huc
1859 1130 1953 1188 relati,
1971 1130 2014 1180 da-

327 1206 390 1267 post
403 1201 501 1267 pedem
514 1198 675 1261 secundum,
693 1203 784 1248 tamen
796 1200 874 1250 casui
892 1201 985 1264 potius
997 1213 1078 1263 quam
1090 1213 1155 1248 con·
1186 1191 1281 1262 ctylici
1297 1199 1390 1263 potius
1408 1203 1473 1247 sunt
1490 1213 1549 1248 cum
1568 1199 1712 1262 auacnrsi,
1733 1197 1766 1248 de
1779 1214 1832 1264 quo
1850 1213 1934 1264 supra
1949 1197 2013 1247 dixi·

328 1269 392 1319 silio
417 1269 545 1330 debetur,
568 1270 599 1316 ut
620 1265 747 1332 exempla
769 1266 886 1333 plurima
908 1265 1008 1316 docent
1028 1281 1156 1316 versuum
1187 1281 1245 1316 mus
1258 1283 1284 1332 p.
1298 1267 1341 1316 00.
1858 1291 1869 1312 ε

326 1351 442 1387 caesura
455 1336 613 1386 carentium.
1235 1333 1453 1398 Anapaestorum
1474 1333 1502 1382 in
1519 1333 1625 1383 iambos
1646 1334 1818 1390 exeuntium.
1841 1333 1913 1399 quod
1931 1349 2015 1398 genus

376 1403 493 1453 Dimetri
511 1403 556 1468 qui
574 1403 600 1450 in
614 1401 785 1452 carminibus
807 1402 914 1452 melicis
933 1403 1098 1467 tragicorum
1117 1403 1156 1450 in·
1186 1401 1375 1465 logaoadicum
1388 1399 1564 1466 appellarunt
1581 1402 1762 1466 grammatici,
1780 1407 1811 1451 ut
1824 1401 1977 1466 dactylicos
1988 1401 2013 1450 in

326 1471 433 1522 terdum
450 1470 551 1538 singuli
573 1470 647 1518 inter
664 1469 721 1520 alia
743 1475 832 1520 metra
848 1467 931 1534 positi
953 1474 1017 1519 sunt
1041 1484 1156 1519 caesura
1185 1467 1331 1519 trochaeos
1349 1473 1496 1530 exeuntes,
1518 1467 1642 1534 exempla
1659 1469 1831 1533 Hephaestio
1854 1486 1876 1520 c.
1892 1470 1916 1519 8.
1935 1485 1961 1534 ρ.
1978 1471 2015 1518 54.

327 1538 484 1605 plerumque
498 1541 602 1600 carent,
615 1541 647 1586 ut
661 1553 704 1602 ap,
718 1537 801 1602 Soph.
814 1539 858 1587 Tr.
872 1539 929 1587 959.
946 1533 1008 1587 ἐπεί
1027 1534 1058 1586 ἐν
1074 1535 1157 1588 δυσα-
1185 1550 1219 1586 ex
1237 1535 1407 1586 Callimacho
1425 1536 1532 1594 attulit,
1550 1534 1627 1586 velut
1638 1533 1731 1598 άγέτω
1749 1534 1827 1598 θεός
1839 1535 1873 1588 οὐ
1891 1534 1945 1599 γάρ
1961 1535 2013 1598 έχω

327 1603 496 1665 παλλάκτοις
513 1603 634 1664 ὀδύναις.
648 1607 751 1654 --008.
765 1601 831 1666 alut,
849 1603 892 1654 ὅδ’
903 1601 1060 1666 άναύδατος
1073 1601 1156 1668 φέρε·
1185 1601 1248 1666 δίχα
1268 1602 1356 1654 τῶνδ’
1371 1600 1483 1654 άείδειν.
1520 1603 1593 1654 Male
1615 1603 1667 1653 huc
1688 1603 1794 1654 relatus
1815 1613 1858 1654 est
1875 1604 2015 1670 Sophoclis

326 1687 379 1724 ται.
403 1672 469 1723 Oed.
482 1673 514 1722 R.
526 1672 584 1722 480.
593 1673 651 1721 470.
663 1674 767 1722 :Ala
780 1673 839 1722 480.
863 1673 928 1721 Eur.
945 1673 1004 1724 lon.
1021 1674 1082 1738 500.
1100 1675 1158 1722 507.
1184 1685 1281 1722 versus
1298 1671 1343 1724 Tr.
1362 1672 1421 1722 048.
1454 1672 1547 1721 παντδ
1564 1668 1821 1735 δυοκαιδεκάμηνον
1837 1669 2013 1734 άμμένουσαι,

325 1739 402 1805 ύβριν
411 1739 473 1790 οὔτ’
481 1737 526 1790 ἐπί
536 1736 660 1802 κερκίσιν
669 1736 737 1789 οὔτε
747 1736 946 1802 λόγοιςιφάτιν
956 1737 1019 1790 dior
1029 1737 1158 1802 εὐτυχίας
1186 1744 1224 1801 et,
1243 1739 1276 1788 de
1292 1753 1346 1803 qno
1360 1754 1441 1803 supra
1459 1738 1584 1788 dicebam
1601 1754 1627 1804 p.
1640 1741 1681 1789 50.
1711 1741 1773 1788 Ant.
1787 1741 1848 1790 354.-
1864 1737 1950 1803 όργάς
1967 1736 2014 1789 ἐδι-

326 1805 459 1872 μετέχειν.
472 1807 639 1858 Phoeu.330.
646 1805 738 1856 πόθον
747 1805 958 1870 ἀμφιδάκρυτον
968 1805 1010 1858 del
1020 1805 1149 1870 κατέχων
1185 1803 1288 1858 δάξατο
1300 1805 1346 1856 καί
1363 1805 1527 1868 δυσαύλων,
1546 1805 1602 1871 qui,
1619 1811 1650 1854 ut
1667 1805 1775 1871 reliqua
1789 1807 1875 1857 totius
1888 1806 2014 1870 strophae

327 1881 355 1926 et
374 1875 491 1925 dimetro
508 1875 537 1923 in
555 1875 660 1924 iambos
678 1879 838 1924 transeunte
853 1874 963 1925 Heracl.
982 1875 1040 1927 783.
1062 1871 1158 1926 όλολύ-
1186 1879 1273 1924 metra
1286 1871 1395 1936 docent,
1410 1873 1564 1936 dactylicus
1575 1879 1617 1923 est
1630 1888 1690 1923 cum
1701 1875 1829 1924 anacrusi
1842 1875 1870 1924 in
1880 1873 2014 1941 dipodiam

324 1956 416 2005 γματα
426 1938 590 2004 παννυχίοις
598 1939 812 2004 ύπὸπαρθένων
822 1938 911 2005 ίακχει
921 1941 1019 1992 ποδῶν
1025 1940 1157 2005 κρότοισι.
1186 1942 1354 1992 trochaicam
1368 1944 1472 1993 exiens.
1509 1939 1635 1991 Certiora
1652 1947 1717 1991 sunt
1729 1942 1856 2007 exempla
1869 1942 1934 1991 Eur.
1947 1941 2015 1992 Med.

326 2013 357 2061 ln
379 2009 431 2060 hoc
453 2016 547 2060 autem
568 2016 782 2074 anapaestorum
803 2023 905 2074 genere
930 2009 1157 2074 brevioribusque
1186 2011 1244 2058 047.
1260 2007 1375 2071 θανάτῳ
1394 2005 1508 2071 θανάτῳ
1527 2006 1616 2072 πάρος
1633 2005 1757 2072 δαμείην.
1776 2029 1808 2050 =
1825 2011 1883 2060 008.
1907 2011 1953 2059 Ar.
1970 2009 2015 2058 λν.

327 2093 395 2144 quas
408 2079 504 2128 statim
517 2077 672 2127 memorabo
685 2077 779 2128 formis
797 2077 847 2126 soli
861 2077 937 2128 locus
951 2081 993 2128 cst
1006 2081 1158 2141 anapaesto
1189 2079 1260 2129 1313,
1274 2073 1345 2140 ταχύ
1363 2075 1396 2138 δὴ
1410 2073 1573 2138 πολυάνορα
1590 2075 1643 2127 τάν
1661 2073 1752 2126 πόλιν.
1764 2097 1798 2117 --
1813 2079 1884 2127 lato.
1907 2076 1948 2126 Ih.
1960 2079 2014 2126 401.

326 2151 355 2194 et
367 2144 501 2211 spondeo,
519 2159 652 2209 nusquam
666 2145 791 2208 dactylo,
811 2146 855 2209 qui
869 2146 995 2209 proprius
1014 2149 1057 2196 est
1070 2149 1157 2209 syste-
1187 2142 1305 2207 δολερὸν
1318 2141 1370 2206 μέν
1384 2141 1426 2194 ἀεὶ
1439 2143 1510 2194 κατὰ
1523 2141 1617 2194 πάντα
1628 2143 1663 2208 δὴ
1675 2143 1793 2207 τρόπον.
1806 2165 1839 2184 =
1852 2147 1909 2195 030.
1934 2146 1966 2195 Iu
1980 2143 2016 2192 di·

326 2217 428 2263 matum
444 2214 693 2277 anapaesticorum.
723 2211 819 2262 inutili
837 2212 995 2262 subtilitate
1014 2211 1158 2275 rhythmici
1186 2212 1295 2278 podiam
1316 2212 1463 2261 iambicam
1481 2210 1673 2262 catalecticum
1691 2217 1794 2262 exeunt
1811 2214 1957 2276 anapaesti
1973 2228 2014 2276 ap.

326 2285 436 2331 veteres
458 2281 531 2329 arsin
553 2279 708 2329 huiusmodi
729 2284 942 2344 anapaestorum
966 2277 1070 2342 άλογον
1096 2295 1158 2330 esse
1188 2279 1303 2332 eundem
1325 2279 1368 2328 ira
1417 2281 1499 2330 ,407
1523 2276 1606 2342 φέρε,
1628 2281 1692 2342 παῖ,
1713 2276 1822 2342 τόχεως
1840 2278 1911 2332 κατά
1930 2277 2015 2343 χειρός

326 2347 512 2407 crediderunt,
530 2348 547 2397 i.
562 2363 585 2397 e.
600 2345 770 2411 βραχυτέραν
782 2349 833 2410 της
845 2345 969 2411 τελείας,
982 2346 1034 2398 ούκ
1046 2345 1159 2411 ἔχοντες
1186 2345 1273 2411 ὕδωρ,
1290 2345 1295 2410 1
1310 2293 1481 2409 caedimus
1492 2345 1526 2396 τό
1540 2345 1755 2411 χειρόμακτρον.

248 2457 252 2464 .
326 2413 356 2466 δέ
374 2412 464 2466 είπεῑν
481 2412 579 2478 πόσῳ,
600 2419 632 2464 ut
649 2417 689 2464 ait
701 2416 814 2479 Dionys.
834 2414 868 2464 de
880 2430 968 2480 comp.
985 2414 1060 2466 verb.
1079 2430 1101 2464 c.
1117 2418 1158 2467 17.

326 2499 351 2548 p.
370 2483 443 2545 230,
466 2487 635 2547 anapaestos
652 2483 726 2545 ipsos
747 2487 839 2532 autem
862 2479 991 2544 κυκλίους
1015 2487 1158 2543 vocarunt,
1352 2503 1401 2559 16ι
1432 2503 1475 2560 De
1491 2507 1662 2575 mmmm
1678 2507 1845 2577 spondiacis

327 2565 438 2615 quorum
454 2549 608 2614 exemplum
625 2549 707 2598 affert
720 2551 869 2614 Dionysius
887 2555 985 2615 poetae
1005 2565 1059 2601 non
1072 2551 1157 2600 nomi·
1846 2546 1853 2561 ‘

327 2619 385 2669 nati
398 2633 506 2667 versum
518 2613 632 2680 κέχυται
648 2615 729 2678 πόλις
741 2613 882 2679 ὑψίπυλος
895 2616 966 2668 κατά
981 2618 1044 2680 γάν.
1080 2618 1159 2667 Eius·
1239 2614 1566 2665 Liberius.dimetrorum
1588 2615 1827 2680 anapaestioorum
1849 2629 1937 2680 genus
1958 2619 2017 2665 srrnt

327 2686 388 2735 dem
406 2685 517 2752 generis
534 2689 598 2734 sunt
615 2683 725 2735 dimetri
747 2685 982 2738 hrist.1san.ooa.
1002 2683 1048 2735 ἐπί
1061 2682 1159 2748 βάρβα-
1188 2683 1335 2747 anapaesti
1353 2682 1512 2745 spondiaci,
1530 2683 1631 2747 quibus
1649 2697 1710 2734 raro
1727 2682 1770 2732 usi
1789 2687 1853 2732 sunt
1871 2682 2017 2747 Aeschylus

326 2767 377 2816 ρον
390 2749 508 2815 ἑζομένη
522 2749 655 2802 πέταλον.
664 2773 697 2792 =
707 2753 765 2802 714.
777 2749 880 2815 χρόνον
893 2749 1072 2816 ἐνδιατρίψει·
1091 2749 1160 2802 ίδὼν
1188 2756 1216 2799 et
1229 2748 1391 2814 Sophocles,
1404 2752 1565 2814 saepissime
1579 2750 1733 2815 Euripides,
1748 2751 1912 2816 praesertim
1924 2750 1951 2798 in
1963 2751 2015 2799 lia-

329 2819 359 2870 δὲ
370 2817 432 2870 τάδ’
445 2817 506 2872 ούκ.
530 2819 580 2868 Ar.
595 2821 667 2869 1310.
688 2820 981 2871 1320.1321.=1328.
997 2821 1069 2870 1332.
1085 2823 1158 2870 1333.
1189 2819 1273 2878 cuba,
1296 2816 1466 2880 Troadibus,
1487 2817 1633 2882 Iphigenia
1651 2818 1771 2868 Taurica
1789 2821 1817 2866 et
1834 2816 1975 2867 Aulidensi
1991 2822 2018 2867 ct

329 2905 360 2936 ex
375 2887 440 2936 solis
454 2887 599 2951 compositi
617 2886 778 2950 anapaestis
794 2887 895 2951 partim
913 2900 1029 2936 caesura
1044 2887 1159 2937 carenti-
1187 2883 1264 2946 Ioue,
1283 2883 1420 2934 interdum
1435 2886 1518 2936 etiam
1533 2885 1629 2934 comici
1641 2885 1689 2934 ubi
1702 2886 1835 2935 sermonis
1847 2884 1949 2949 tragici
1959 2901 2017 2950 gra·

327 2956 387 3004 bns.
411 2954 538 3018 Quinque
551 2953 705 3003 huiusmodi
718 2954 865 3018 anapaesti
878 2969 922 3019 ap.
940 2953 1023 3005 Arist.
1038 2954 1088 3004 λν.
1101 2957 1159 3006 400.
1188 2955 1303 3002 vitatem
1324 2951 1475 3002 imitantur.
1515 2951 1598 3003 Caret
1618 2953 1671 3003 hoc
1693 2967 1780 3018 genus
1804 2955 1849 3015 (ιιι
1870 2953 2038 3002 Hermauni·

329 3019 577 3086 παραλειπομένην
590 3016 992 3084 ύπ’έμής“”φρενὸςάξυνέτου.
1006 3043 1039 3062 =
1052 3023 1110 3074 544.
1188 3019 1280 3070 verbis
1304 3025 1369 3069 utar
1389 3019 1474 3072 alem.
1498 3020 1583 3071 doctr.
1605 3026 1684 3070 metr.
1709 3035 1735 3086 p.
1758 3019 1829 3082 384.)
1853 3021 2017 3070 necessitate

378 3089 494 3139 Praeter
508 3093 702 3138 monometrum
720 3088 920 3150 acatalectum,
939 3089 1112 3154 frequentem
1130 3090 1158 3139 in
1189 3101 1321 3136 caesurae
1334 3086 1487 3152 multosque
1501 3088 1645 3139 continuos
1659 3092 1735 3137 amat
1747 3088 1945 3153 paroemiacos,
1963 3103 2018 3138 eos·

328 3157 503 3222 systematis,
525 3156 623 3220 tragici
647 3155 785 3206 interdum
807 3157 890 3205 etiam
912 3157 1078 3207 catalectica
1101 3157 1160 3207 eius
1191 3170 1243 3219 que
1261 3155 1421 3220 plerumque
1440 3162 1513 3207 totos
1532 3171 1565 3205 ex
1582 3156 1671 3221 longis
1690 3155 1805 3221 syllabis
1823 3156 1924 3206 factos.
1952 3155 2016 3204 Nam

329 3227 416 3275 forma
437 3226 480 3276 usi
502 3238 561 3274 csse
584 3223 721 3276 ridentur.
757 3223 803 3273 Sic
823 3223 895 3274 inter
912 3223 1099 3290 paroemiacos
1116 3241 1159 3290 ap.
1189 3223 1298 3273 omnino
1316 3221 1357 3271 ita
1374 3222 1513 3287 spondeus
1533 3224 1563 3273 in
1585 3223 1629 3273 his
1650 3223 1777 3274 versibus
1794 3229 1893 3287 regnat
1913 3227 1946 3272 ut
1962 3225 2017 3273 iure

328 3293 392 3342 Eur.
407 3292 464 3341 Alc.
477 3293 604 3344 tta—136.
619 3291 671 3340 hae
685 3291 860 3356 reperiuntur
874 3291 1003 3356 dipodiae
1018 3292 1161 3342 catalecti-
1189 3289 1333 3355 anapaesti
1347 3289 1491 3354 spondiaci
1503 3290 1638 3356 appellari
1647 3291 1763 3356 possint,
1777 3292 1832 3340 etsi
1841 3289 1923 3340 iidem
1937 3291 2017 3340 etiarn

328 3376 392 3422 cae,
410 3363 452 3410 03.
471 3355 553 3418 νέκυς
565 3357 629 3422 ἤδη.
654 3360 711 3408 100.
725 3355 753 3408 τί
768 3355 830 3409 τόδ’
843 3356 941 3423 αὐδᾷς
962 3358 1161 3421 131.βασιλεο-
1189 3357 1448 3422 proceleusmaticos
1470 3359 1619 3425 recipiunt,
1644 3359 1679 3408 ab
1703 3357 1836 3424 legitimis
1859 3359 2019 3422 anapaestis

330 3440 384 3480 σιν.
407 3427 592 3476 interserens
610 3426 719 3490 generis
735 3425 863 3491 dactylici
880 3427 916 3478 ib.
929 3428 987 3477 401.
1001 3425 1160 3478 σύτὸναύ-
1189 3425 1324 3478 exclusos.
1364 3423 1514 3476 (laesuram
1539 3441 1624 3491 saepe
1649 3427 1682 3476 de
1706 3425 1844 3476 industria
1867 3425 2018 3490 neglectam

328 3497 385 3556 τᾶς.
397 3511 432 3539 =
442 3497 500 3548 471.
514 3492 548 3545 σύ
561 3492 586 3543 δΙ
597 3491 628 3544 ἐν
640 3493 704 3559 ἣβμ.
1188 3491 1326 3555 videmus,
1344 3507 1396 3557 quo
1414 3495 1508 3544 statim
1529 3494 1612 3543 aliam
1630 3493 1750 3544 indolem
1768 3492 1909 3543 hinetona
1926 3493 2019 3559 prode-

379 3562 478 3612 Paullo
500 3561 578 3626 plura
603 3561 737 3627 tripediae
762 3566 875 3612 exstant
900 3561 1038 3628 exempla,
1063 3567 1094 3612 ut
1118 3579 1161 3628 ap.
1190 3564 1261 3623 rent,
1275 3560 1308 3608 de
1323 3560 1421 3625 quibua
1433 3561 1504 3610 idem
1518 3561 1662 3610 dicendum
1675 3560 1748 3626 quod
1761 3560 1794 3610 de
1805 3560 1939 3612 dochmiis
1952 3561 2020 3610 dixit

327 3627 425 3680 Aesch.
438 3630 514 3679 Pers.
526 3631 584 3682 950.
603 3625 702 3691 νυχίαν
715 3626 808 3680 πλάκα
825 3627 1007 3693 κερσάμενος.
1033 3633 1061 3680 et
1073 3631 1161 3680 forma
1189 3627 1273 3678 schol.
1286 3627 1416 3692 Aeschyli
1434 3629 1507 3693 Sept
1522 3631 1578 3680 103.
1592 3627 1608 3678 ό
1620 3627 1725 3692 ῥυθμός
1741 3626 1826 3688 οὖτος
1843 3627 1932 3689 πολύς
1945 3627 2020 3679 ἐστιν

327 3697 491 3747 catalectico
508 3696 545 3746 ib.
558 3697 711 3750 040-051.
729 3694 826 3748 Ἰάνων
841 3695 895 3760 γάρ
912 3695 1025 3761 ἀπηύρα
1047 3694 1161 3763 ΙἸάνων
1189 3692 1220 3745 έν
1233 3691 1375 3760 θρηνῳδία
1391 3694 1437 3746 καί
1454 3695 1609 3760 ἐπιτήδειος
1626 3695 1697 3759 πρὸς
1709 3693 1831 3760 θρήνους
1847 3695 1893 3746 καί
1906 3707 2019 3757 στεναγ-

327 3763 508 3828 ναύφαρκτος
523 3763 527 3826 Ι
542 3761 629 3828 Ἄρης
641 3762 802 3828 ἑτεραλκὴς,
815 3787 848 3806 =
861 3767 1003 3815 003-000,
1024 3763 1089 3816 Eur.
1102 3765 1161 3816 Alc.
1189 3761 1265 3824 μούς.
1296 3763 1469 3813 Paroemiaci
1490 3779 1571 3829 quum
1592 3765 1717 3814 continui
1738 3768 1877 3828 ponuntur
1896 3769 2020 3829 apertum

328 3836 387 3884 008.
401 3834 459 3882 009.
473 3829 572 3890 πολιάς
584 3828 631 3881 ἐπί
645 3829 740 3894 χαίτας
756 3831 760 3896 Ι
776 3831 830 3895 ἤδη
844 3832 989 3896 προπετὴς
1003 3831 1051 3883 ῶν.
1060 3854 1093 3874 =
1103 3836 1161 3885 031.
1188 3836 1240 3892 est,
1255 3831 1319 3895 quia
1331 3834 1431 3880 natura
1444 3847 1494 3881 ¹arra
1507 3833 1666 3882 catalectici
1678 3837 1750 3894 sunt,
1764 3831 1842 3881 nulla
1855 3845 1902 3881 eos
1914 3831 2019 3881 numeri

328 3902 386 3951 033.
415 3900 473 3949 Ιοιι.
491 3901 548 3949 008.
567 3898 667 3950 θεόθεν
684 3897 771 3950 τέκνα
788 3901 909 3960 θνατοῖς.
943 3901 1011 3952 Ηαο,
1028 3903 1087 3952 000.
1100 3899 1160 3964 δορί
1189 3897 1378 3962 perpetuitate
1400 3898 1553 3949 cohaerere.
1589 3898 1687 3964 ltaque
1710 3905 1739 3949 et
1756 3900 1783 3948 iu
1800 3899 1924 3950 vocalem
1946 3900 2020 3949 exire

328 3965 362 4029 δὴ
373 3965 433 4030 δορί
444 3963 674 4028 πέρσαν.--018.
686 3967 785 4017 θυσιᾶν
795 3965 985 4028 καταπαύσας.
1015 3969 1161 4018 Aristar.
1189 3963 1317 4030 possunt',
1335 3970 1467 4030 sequente
1485 3981 1566 4016 versu
1585 3965 1880 4031 avocsliincipiente,
1900 3966 2022 4031 etsylla-

331 4036 403 4084 1318.
425 4029 454 4084 τί
473 4030 526 4096 γάρ
543 4030 595 4082 οὐκ
616 4031 657 4084 ἔνι
677 4032 891 4098 ταύτηΙκαλόν
912 4032 991 4098 ἀνδρί
1012 4037 1160 4097 μετοικεῖν,
1189 4031 1393 4083 bamultimam
1415 4034 1566 4098 ancipitem
1589 4033 1702 4084 habent.
1738 4033 1856 4086 Curatur
1878 4041 1971 4084 tamen
1990 4040 2022 4084 ut

329 4101 409 4166 Apud
428 4099 591 4165 Sophoclem
609 4116 674 4150 vero
691 4100 760 4153 Oed.
773 4103 806 4152 R.
817 4103 876 4152 470.
897 4103 943 4166 qui
960 4108 1023 4166 post
1040 4118 1160 4167 anapae-
1188 4102 1347 4166 plerumque
1360 4099 1468 4164 syllaba
1481 4101 1565 4167 longa
1578 4101 1772 4166 terminentur,
1792 4100 1863 4166 quod
1878 4102 1917 4151 sir·
1930 4103 2022 4166 aptius

329 4170 412 4218 sticcs
423 4167 552 4218 dimetros
566 4167 633 4218 duos
646 4168 973 4232 sequiturversuehtwul
985 4167 1067 4231 δ’άμ’
1079 4169 1161 4221 ἕπον·
1188 4169 1216 4217 iu
1235 4173 1291 4216 tam
1309 4167 1389 4218 tardo
1412 4173 1440 4218 et
1457 4171 1536 4234 gravi
1552 4185 1664 4220 numero
1683 4185 1734 4220 vox
1753 4169 1911 4234 requiescit.
1935 4170 2023 4220 Inter-

329 4250 384 4298 ται,
398 4235 549 4299 iisdemque
564 4235 679 4298 syllabis
693 4236 720 4284 in
732 4237 915 4303 antistropha,
928 4237 1055 4302 glycouei
1069 4240 1161 4302 potius
1188 4234 1250 4286 dum
1267 4251 1284 4284 a
1302 4237 1474 4300 paroemiaco
1491 4236 1599 4288 initium
1618 4236 1661 4296 lit,
1680 4242 1711 4287 ut
1728 4237 1802 4300 apud
1818 4237 1882 4289 Eur.
1901 4237 1946 4286 Tr.
1964 4239 2022 4285 lta.

330 4305 440 4367 generis
459 4309 502 4353 est
513 4343 532 4352 -
546 4300 552 4368 1
567 4322 584 4351 s
597 4335 614 4351 c
626 4335 644 4352 c
656 4346 675 4353 -
691 4303 695 4362 l
709 4339 741 4365 -,
758 4310 790 4353 ιιι
809 4311 925 4369 apparet
944 4319 976 4354 ex
992 4321 1018 4354 v.
1031 4305 1090 4354 806.
1103 4307 1161 4355 910.
1180 4305 1299 4366 πρῷραι
1311 4305 1390 4353 ναῶν
1403 4299 1507 4354 ὠκεῖαι.
1525 4325 1558 4344 =
1574 4306 1628 4356 138.
1642 4303 1711 4366 ὤμοι
1729 4301 1832 4364 θάκους
1848 4301 1897 4364 οὓς
1915 4301 2023 4356 θάσσω.

329 4370 376 4419 ubi
389 4371 417 4419 in
429 4371 605 4435 antistropha
620 4375 661 4420 est
674 4368 747 4434 ἔρρει
759 4369 789 4421 δέ
801 4370 837 4421 τά
849 4372 923 4434 θεία,
941 4371 989 4422 sed
1007 4372 1036 4421 in
1049 4372 1162 4436 stropha
1189 4376 1219 4421 et
1237 4371 1321 4420 Arist.
1335 4373 1405 4422 itan.
1419 4373 1476 4421 370.
1496 4369 1581 4435 χώρει
1599 4385 1651 4421 νυν
1668 4373 1723 4433 τιδς
1742 4369 1878 4435 ἀνδρείως
1893 4373 1897 4436 Ι
1913 4369 1941 4432 ἐς
1956 4371 2025 4432 τούς

329 4434 356 4486 τί
368 4434 409 4487 δεῖ
422 4451 454 4498 με
467 4437 608 4502 χορεύειν,
629 4453 681 4502 quo
700 4453 827 4488 mensura
844 4440 1022 4505 anapaestico
1040 4440 1161 4490 excludi·
1189 4435 1316 4498 εὐανθεῖς
1329 4435 1460 4500 κόλπους.
1470 4459 1504 4479 --
1516 4441 1574 4489 377.
1589 4437 1651 4490 ἀλλ’
1662 4437 1732 4503 ἐμβα
1743 4436 1933 4503 χώπωςάρεις
1948 4437 1953 4504 Ι
1968 4439 2023 4502 τὴν

330 4511 383 4566 tur,
396 4508 424 4552 et
436 4506 476 4555 sic
488 4507 516 4555 in
529 4507 591 4555 aliis
605 4506 729 4570 plurimis
741 4506 809 4556 locis
821 4508 998 4571 tragicorum.
1188 4502 1328 4568 σώτειραν
1339 4503 1486 4566 γενναίως.
1510 4507 1599 4558 Unum
1614 4506 1767 4558 huiusmodi
1781 4521 1888 4557 versum
1901 4507 1928 4556 in
1942 4506 2024 4557 initio

324 4609 329 4620 .
382 4572 559 4637 Anapaestici
576 4587 673 4623 versus
697 4589 757 4623 cum
778 4573 876 4623 iambis
895 4577 1100 4640 coniunguntur
1116 4576 1162 4624 vel
1190 4574 1317 4637 strophae
1335 4575 1491 4624 trochaicae
1509 4575 1602 4639 posuit
1619 4573 1727 4624 Thesm.
1741 4577 1799 4624 433.
1816 4573 1899 4625 οὔπω
1916 4572 2024 4637 ταύτης

332 4641 496 4704 praepositis
508 4640 550 4690 vel
569 4641 596 4688 in
609 4639 662 4690 line
676 4639 787 4690 additis.
817 4640 863 4690 Sic
876 4641 1023 4706 Sophocles
1036 4643 1163 4692 versibus
1188 4640 1304 4703 ἤκουσα.
1326 4661 1359 4682 =
1378 4643 1435 4692 520.
1457 4643 1537 4692 τουτί
1559 4640 1654 4704 μέντοι
1679 4641 1852 4703 θαυμαστόν.
1895 4640 2024 4692 Ceterum

330 4707 513 4772 paroemiacis
530 4707 617 4758 tribus
635 4708 704 4758 Oed.
719 4709 751 4758 R.
770 4709 920 4762 173-170.
940 4711 1026 4774 primo
1043 4710 1162 4760 iambum
1190 4708 1320 4773 strophae
1334 4709 1500 4774 spondiacus
1520 4725 1573 4761 non
1587 4714 1762 4773 constanter,
1782 4714 1813 4759 ut
1826 4709 1942 4774 legitimi
1957 4725 2024 4759 ana·

331 4771 471 4836 (κλυτάς),
491 4775 610 4826 secundo
628 4775 767 4840 ‹lipodiam
783 4775 927 4826 iambicam
941 4773 1061 4842 (ίηίων),
1081 4779 1162 4827 ιοιιίο
1191 4776 1292 4839 ραουιί,
1310 4778 1484 4840 paroemiaco
1497 4777 1675 4841 clauduntur,
1693 4777 1741 4826 aed
1759 4777 1895 4827 interdum
1908 4776 2026 4827 dimetro

330 4841 557 4907 penthemimeres
567 4843 714 4892 iambicum
725 4840 822 4906 (ἄλλον
832 4841 900 4893 δ’άν
909 4841 998 4908 ἄλλῳ)
1009 4845 1163 4908 praemisit,
1191 4842 1360 4903 acatalecto,
1379 4849 1410 4892 ιιι
1423 4845 1495 4910 apud
1509 4846 1572 4895 Eur.
1587 4847 1654 4896 Hec.
1667 4847 1725 4896 ate.
1739 4841 1870 4907 ξυντυχία
1884 4839 2026 4908 κρείσσων

330 4914 359 4958 et
377 4909 418 4958 sic
433 4909 505 4973 apud
520 4909 682 4974 Aeschylum
699 4925 806 4975 quoquc
822 4911 871 4976 Ag.
885 4914 939 4962 109.
952 4911 1032 4972 ὅπως
1044 4911 1163 4974 Ἀχαιῶν
1189 4907 1334 4974 ἐκύρησεν.
1365 4912 1448 4963 Arist.
1462 4913 1599 4964 13101370.
1617 4910 1765 4977 ἠρίστηται
1781 4911 1807 4962 δ’
1818 4909 2025 4975 ἐξαρκούντως

330 4973 461 5040 δίθρονον
473 4974 575 5038 κράτος
587 4975 716 5038 Ἑλλάδος
728 4977 797 5041 ἥβας
819 4997 853 5020 =
867 4979 923 5027 tao.
943 4984 971 5028 et
989 4982 1044 5028 110.
1057 4999 1091 5022 =
1106 4982 1161 5030 135.
1189 4999 1222 5018 ==
1235 4979 1293 5028 381.
1307 4975 1360 5028 κάν
1372 4975 1528 5044 Θωρυκίων
1541 4979 1578 5042 μὴ
1593 4979 1734 5044 βούληται.

330 5049 358 5093 et
377 5043 443 5092 aur.
457 5044 542 5108 Hipp.
567 5047 638 5094 1104.
659 5044 751 5106 λύπας
768 5047 909 5110 παραιρεῑ·
934 5045 1045 5098 ξύνεσιν
1061 5046 1091 5097 δέ
1110 5046 1164 5096 τιν’
1241 5045 1386 5110 Τιίροάίιι,
1405 5049 1463 5098 sive
1477 5047 1595 5097 dimeter
1606 5046 1878 5112 brachycatalectus,
1893 5049 1944 5098 etsi
1962 5065 2027 5113 pas·

331 5108 420 5161 ἐλπίδι
433 5109 552 5161 κεύθων.
570 5133 603 5152 =
622 5115 695 5162 lto-2.
712 5112 800 5176 τύχαν
817 5113 879 5175 μετ’
895 5111 980 5174 όλβου
998 5114 1042 5164 καί
1060 5113 1162 5178 άκήρα-
1191 5113 1240 5161 sim
1253 5129 1357 5179 pravae
1370 5114 1486 5165 debetur
1503 5130 1630 5166 versuum
1648 5115 1841 5180 descriptioni,
1860 5119 1951 5165 ιαιιιοα
1971 5132 2027 5167 nou

329 5192 381 5228 τον
396 5177 492 5239 άλγεσι
511 5175 609 5242 θυμόν,
627 5181 674 5230 uhi
688 5183 773 5231 verba
786 5182 848 5246 ipsa
867 5181 936 5231 hanc
949 5182 1041 5245 potius
1055 5196 1163 5232 mensu·
1190 5185 1282 5244 potest
1304 5181 1424 5231 dubitari
1448 5183 1512 5246 quin
1533 5185 1594 5248 ipsa
1616 5197 1724 5248 quoque
1741 5183 1878 5232 interdum
1896 5199 1913 5232 a
1933 5185 2027 5246 poetis

330 5261 478 5310 tamquam
492 5245 1162 5314 iambico-dactylicam..amisson-...noos-
1189 5249 1429 5312 usurpataiuerit.
1460 5250 1621 5301 Certissima
1639 5252 1699 5300 eius
1712 5249 1837 5315 exempla
1851 5251 2028 5316 reperiuntur

331 5313 532 5364 commendant.
1190 5315 1260 5379 apud
1283 5315 1444 5382 Sophoclem
1461 5318 1505 5366 Tr.
1526 5320 1598 5369 1080.
1620 5315 1696 5370 ὦναξ
1719 5317 1795 5382 ’Λίδη
1816 5315 1890 5368 δέξαι
1912 5316 1948 5380 μ’,
1972 5318 1976 5382 Ι
2003 5316 2027 5368 ὠ

386 5381 504 5430 Metram
528 5387 717 5446 asynartetum
742 5383 949 5434 Archilochcum
974 5386 1008 5434 ab
1034 5386 1162 5450 liephac-
1189 5380 1257 5442 Διὸς
1269 5380 1346 5444 άκτίς
1359 5387 1471 5436 παῖσον.
1495 5385 1576 5435 Arist.
1590 5385 1656 5435 lton.
1670 5389 1727 5436 sta.
1746 5383 1895 5447 λειμώνων
1908 5384 2028 5450 ἐγκρού-

335 5450 425 5499 stione
439 5463 463 5498 c.
476 5451 501 5498 8.
515 5463 542 5513 ρ.
554 5451 595 5498 01.
609 5453 637 5499 et
649 5465 671 5502 c.
687 5453 725 5504 15,
739 5468 765 5517 p.
778 5455 820 5506 01,
834 5456 1026 5516 memoratum,
1045 5451 1115 5517 quod
1129 5469 1163 5502 cx
1190 5462 1240 5498 ων.
1251 5469 1286 5493 --
1297 5453 1355 5500 370.
1368 5455 1404 5517 τη
1417 5455 1502 5517 φωνῇ
1516 5451 1677 5514 μολπάζων.
1705 5457 1755 5504 λν.
1767 5454 1825 5506 308.
1840 5451 2029 5516 προδεδόμεθ’

331 5515 422 5566 iambo
438 5516 482 5566 vel
500 5515 634 5580 spondeo,
658 5519 779 5583 tripodia
796 5521 978 5584 anapaestico
996 5519 1162 5570 catalectico
1189 5515 1288 5568 ἀνόσιά
1308 5517 1336 5568 τ’
1352 5517 1495 5582 ἐπάθομεν
1517 5527 1545 5570 et
1566 5519 1641 5585 (pest
1661 5521 1853 5586 interpositum
1878 5520 2028 5572 dimetrum

331 5589 360 5633 et
372 5598 452 5634 versu
467 5583 647 5649 ithyphallico
661 5589 837 5652 compositum
848 5589 894 5648 sit,
908 5587 984 5637 velut
994 5584 1161 5652 ἐρασμονίδη
1190 5585 1385 5648 acatalectum)
1403 5590 1461 5638 330.
1476 5585 1593 5650 ἐνέμετο
1611 5587 1693 5639 πεδία
1706 5587 1772 5651 παρ’
1784 5588 1860 5651 ἡμῖν.
1884 5594 1912 5638 ει
1925 5589 2029 5640 iisdem

331 5646 461 5716 Χαρίλαε,
474 5650 565 5716 χρῆμά
575 5666 617 5702 τοι
630 5652 751 5716 γελοῖον,
770 5654 936 5720 dactylicum
946 5657 1039 5721 potius
1049 5671 1109 5706 esse
1122 5657 1162 5706 vi·
1189 5653 1304 5717 syllabis
1324 5657 1353 5704 in
1374 5655 1551 5720 antistropha
1571 5657 1630 5709 344.
1654 5659 1714 5711 340.
1735 5656 1807 5706 unde
1830 5657 1976 5722 probabile
1999 5658 2029 5708 lit
