4272 6596
638 500 973 554 ue1au0ohuoru
999 499 1353 552 unosuAnMAT1a
1780 495 1839 560 101

151 607 293 616 —u———a

152 668 211 705 των
229 653 390 720 Εὐθυδήμῳ.
430 655 462 705 Ιιι
488 655 613 705 lemmate
637 654 780 706 Bclxkerus
803 652 981 720 poenitente
1040 652 1122 712 liis.
1158 654 1316 706 Scholiasta
1328 655 1425 704 Avium
1438 669 1463 702 v.
1479 655 1552 704 1698.
1584 649 1716 716 Γοργίαι
1734 652 1840 702 τεκαὶ

152 732 185 795 δὴ
211 731 303 782 πάντα
326 730 421 793 λέγεις.
462 731 517 781 Sed
540 748 606 781 vera
629 733 766 796 scriptura
789 737 832 783 est
855 731 925 782 καλά
947 729 980 792 δὴ
1009 727 1190 781 Φῖλιπποιε
1210 728 1226 780 ό
1244 726 1384 789 Φίλιππος
1403 729 1447 778 καί
1466 726 1481 777 ὁ
1497 726 1609 792 Γοργίας
1626 726 1705 778 ούτοι
1723 725 1840 792 ῥήτορες

151 812 291 870 παταγεῖς.
332 809 375 858 lta
397 810 469 858 enim
491 809 543 858 hoc
561 808 734 873 proverbium
757 815 832 858 reete
852 809 983 872 scriptum
1009 801 1088 854 λάλοι
1106 803 1183 856 είσίν.
1197 807 1289 856 -τού
1307 804 1337 856 δέ
1350 799 1492 855 Φιλίππου
1511 803 1555 854 καί
1573 802 1603 854 έν
1624 803 1757 867 Γεωργοῖς
1776 817 1841 867 μνη·

151 885 225 949 ιιριιά
243 885 426 950 Hesychium,
444 883 586 948 Photium,
605 884 725 937 Suidam.
765 885 834 936 Vide
851 884 984 948 Hesychii
1011 879 1120 942 μονεύει
1140 879 1344 946 Ἀριστοφάνης
1367 881 1418 944 (ita
1441 880 1528 931 codex
1551 880 1709 932 Leidensis:
1732 881 1841 930 Raven-

152 961 318 1024 interprctes
336 961 389 1010 vol.
409 963 433 1012 2.
453 955 479 1026 ρ.
499 963 555 1010 117.
1011 971 1061 1006 nas
1078 955 1265 1022 ἀριστοκλῆς).
1293 1010 1295 1016 ,

183 1031 248 1092 172.
283 1036 381 1087 Pollux
394 1040 417 1098 1,
432 1039 489 1088 201.
524 1034 765 1101 Πορνεύτριαν
783 1036 883 1098 ἐντοῖς
898 1034 983 1100 Γεωρ-
1044 1032 1125 1091 llis.
1163 1035 1275 1098 Suidas,
1297 1034 1414 1098 Ἀτρέα
1437 1035 1482 1085 καί
1501 1033 1623 1085 καθόλου
1640 1033 1691 1094 τάς
1708 1032 1765 1084 ἀπό
1782 1035 1841 1083 τῶν

150 1115 209 1174 γοῖς
230 1111 432 1177 Ἀριστοφάνης
450 1112 514 1177 ἔφη.
1011 1107 1049 1170 εἰς
1072 1125 1119 1171 ευς
1141 1109 1288 1176 συμφώνῳ
1312 1110 1554 1175 παραληγομένων
1583 1107 1735 1170 αἰτιατικόις
1757 1108 1841 1173 μηκύ-

184 1183 248 1243 173.
283 1189 476 1254 Harpocratio,
490 1185 695 1252 Σηράγγιονι
714 1185 814 1248 Λυσίας
826 1187 856 1240 ἐν
869 1191 910 1252 τῶ
923 1186 984 1239 κατ’
1011 1197 1102 1248 νουσι,
1122 1185 1173 1248 τὰς
1191 1187 1221 1238 ts
1240 1187 1361 1252 καθαράς
1384 1190 1435 1238 τού
1460 1201 1506 1248 ευς
1524 1188 1698 1250 συναιροῦσι,
1722 1187 1774 1248 χοᾶ
1797 1185 1841 1234 καί

152 1259 361 1326 Ἀνδροτίωνος.
401 1261 506 1327 χωρίον
528 1277 554 1314 τι
576 1267 629 1315 τού
647 1262 785 1328 Πειραιῶς
807 1264 899 1324 οὕτως
923 1261 983 1313 tuc-
1010 1259 1103 1326 Μηλιᾶ
1121 1262 1166 1313 καί
1185 1263 1294 1316 Σουνιεῖ.
1333 1263 1427 1322 Ἴωνες
1449 1261 1480 1312 δὲ
1498 1261 1681 1314 συστέλλουσι
1702 1260 1752 1320 τὰς
1775 1273 1841 1323 προ-

151 1339 237 1389 λεῖτο.
283 1338 449 1403 μνημονεύει
475 1339 500 1390 δ’
525 1338 614 1390 αύτού
640 1340 684 1391 καί
717 1339 753 1390 Ἀ.
780 1337 810 1390 έν
842 1338 982 1402 ΓεωργοῖςΙ
1009 1335 1104 1400 τέρας,
1131 1337 1229 1402 Ἀτρέα
1247 1339 1291 1390 καί
1308 1337 1406 1402 Πηλέα
1425 1337 1549 1402 βραχέως
1572 1337 1710 1398 λέγοντες.
1736 1335 1778 1386 διό
1797 1341 1841 1393 καῖ

151 1412 322 1478 Σηράγγειον
341 1416 468 1466 scribitur
486 1414 560 1480 apud
579 1415 705 1466 Photium
724 1432 749 1480 p.
769 1417 827 1475 600,
847 1417 904 1464 510.
927 1412 982 1477 Ση-
1010 1413 1085 1478 παρά
1101 1416 1161 1475 τοῖς
1178 1419 1317 1478 τραγικοῖς
1340 1413 1391 1465 οὐκ
1418 1412 1569 1476 ἀναγκαῖον
1588 1411 1733 1474 ἐκτείνειν,
1761 1409 1785 1462 εί
1804 1409 1840 1474 μή

150 1489 325 1553 ράγγειονι
344 1488 449 1554 χωρίον
466 1505 493 1541 τι
510 1491 561 1540 τού
580 1491 725 1556 Πειραιῶς.
760 1489 1277 1555 Σηρόιγγεισνι,μέτρονάναγκάζει
1305 1492 1349 1543 καί
1362 1492 1412 1553 τὰς
1423 1490 1480 1542 ἀπὸ
1499 1493 1558 1541 τῶν
1571 1488 1610 1550 εἰς
1623 1504 1655 1554 ης
1669 1485 1778 1550 ὁμοίως.
1807 1485 1841 1536 τὸ

150 1565 238 1626 τόπος
263 1569 315 1617 τού
336 1566 487 1630 Πειραιῶς,
515 1567 634 1628 κτισθείς
663 1565 720 1619 erre
742 1565 898 1632 Σηράγγου.
939 1566 983 1617 καί
1008 1566 1061 1630 γάρ
1073 1566 1236 1619 συστέλλειν
1248 1566 1341 1620 Ἰακόν.
1380 1566 1582 1631 Ἀριστοφάνης
1597 1567 1740 1630 Γεωργοῖς,
1763 1562 1840 1612 “κα-

150 1640 246 1707 ἡρῷον
268 1641 298 1693 έν
320 1641 407 1705 αύτῶ.
447 1641 517 1692 Vide
541 1643 674 1708 Hesychii
698 1644 863 1709 interpretes
887 1642 981 1695 vol‘l.
1009 1639 1679 1706 χέταςκαίμεγακλέαςκαῖμαλακούς.”
1715 1639 1841 1704 Quinque

152 1733 178 1782 p.
198 1719 270 1768 1175.
291 1725 319 1768 et
338 1719 518 1768 Schoemaun.
537 1719 572 1768 ad
591 1721 700 1770 Isaeum
717 1737 743 1784 p.
762 1723 819 1770 339.
1011 1725 1147 1784 postrema
1165 1721 1249 1769 verba
1268 1737 1301 1770 cn
1320 1721 1434 1770 totidem
1453 1719 1592 1770 codicibus
1611 1717 1750 1783 supplevit
1763 1717 1840 1764 Gais-

183 1789 247 1849 174.
283 1794 398 1843 Photius
416 1796 514 1858 pots,
532 1797 555 1843 ῖ.
591 1794 739 1859 Στρέψαε
760 1793 840 1855 πόλις
851 1797 902 1858 τῆς
915 1788 1112 1869 θρά-ξΓοιάιιυ.
1153 1796 1269 1846 Nomina
1292 1797 1320 1845 in
1343 1809 1375 1860 ης
1394 1811 1475 1859 quum
1495 1796 1575 1856 dicit,
1601 1799 1744 1846 eontracta
1762 1793 1840 1854 dicit,

151 1883 207 1932 κης.
245 1869 289 1920 καὶ
306 1867 334 1919 ot
352 1869 465 1920 πολῖται
483 1868 639 1933 Στρεψαῖσι.
667 1867 895 1936 Στρεψαίουςε
916 1869 984 1934 Ἀρι·
996 1916 998 1925 ,
1012 1871 1087 1922 velut
1105 1871 1256 1936 Ἡρακλῆς,
1281 1871 1445 1935 Καλλικλῆς,
1468 1868 1620 1936 Περικλῆς,
1644 1867 1841 1932 Θεμιστοκλῆς.

151 1944 296 2010 στοφάνης
311 1945 453 2009 Γεωργοῖς.
482 1947 551 1996 Vide
565 1948 756 1998 annotationes
769 1945 804 1995 ad
818 1946 983 2010 Hesychium
1011 1948 1203 2013 Aristophanis
1221 1950 1308 2013 igilur
1325 1950 1409 2000 verba
1428 1948 1546 1997 sortasse
1566 1947 1673 1997 suerunt

151 2023 204 2072 sol.
224 2025 249 2084 2,
269 2039 294 2088 p.
314 2023 387 2072 1278.
423 2022 498 2072 Nihil
510 2037 570 2072 cum
589 2022 631 2072 bis
649 2037 789 2072 commune
806 2021 890 2071 habet
903 2020 999 2085 Στρε-,
1077 2055 1122 2074 o-
1140 2022 1263 2089 Λάχητα,
1283 2023 1433 2088 Μεγακλέα
1452 2021 1570 2084 κάλλους
1588 2056 1606 2074 α
1621 2063 1639 2072 -

150 2102 232 2161 ψαῖος
250 2097 348 2162 Ἑρμῆς
366 2114 410 2162 ap.
430 2097 596 2162 Theognost.
616 2097 685 2150 Can.
703 2113 728 2164 p.
748 2100 787 2148 53.
806 2096 839 2148 de
859 2113 912 2162 quc
929 2097 984 2148 dixi
996 2120 999 2182 Ι
1011 2100 1051 2149 De
1070 2099 1202 2149 Lachetis
1221 2101 1328 2150 nomine
1348 2101 1431 2150 etiam
1449 2101 1590 2166 Bergkius-
1603 2099 1739 2165 cogitavit
1758 2113 1839 2164 quum

150 2177 185 2225 ad
204 2175 279 2225 Pluti
297 2193 323 2226 v.
343 2177 416 2224 1154.
1011 2177 1158 2226 conticeret
1377 2171 1380 2186 '

119 2290 124 2298 .
183 2249 247 2309 175,
282 2252 380 2302 Pollux
406 2253 445 2312 10,
464 2251 516 2300 69.»
546 2247 983 2313 Tpceezoptpov-eopov-
1076 2286 1123 2304 ..-
1140 2251 1276 2318 Λάχητος,
1296 2252 1460 2316 Μεγακλέας
1478 2253 1523 2304 καί
1541 2251 1695 2316 Λαμάχσυς,

151 2328 181 2379 ἐν
198 2331 257 2388 τοῖς
277 2326 314 2378 Ἀ.
334 2324 549 2390 Γεωργοῖς-ἐπί
571 2327 623 2375 τού
644 2326 697 2388 τήν
720 2324 860 2388 τράπεζαν
883 2324 1215 2396 ospes-grammaticum
1241 2331 1312 2380 hunc
1330 2345 1438 2380 versum
1465 2335 1566 2380 temere
1593 2329 1639 2378 hic
1662 2329 1708 2377 ubi
1730 2345 1783 2378 non
1807 2327 1839 2378 de

153 2418 202 2464 τος
219 2405 237 2468 ᾖ
255 2402 364 2466 ἐπῆσαν
381 2405 440 2462 Τοῖς
458 2400 590 2465 ἄρχουσίν
609 2397 636 2452 ui
654 2398 788 2465 puppium.
995 2396 997 2433 ί
1010 2408 1175 2458 accusativis
1202 2407 1307 2458 numeri
1333 2406 1459 2472 pluralis,
1487 2406 1536 2456 sed
1564 2404 1711 2470 singularis
1739 2406 1839 2469 agitur,

182 2483 247 2545 176.
284 2486 442 2538 Scholiasta
460 2486 586 2536 Platonis
604 2501 629 2549 p.
647 2487 704 2536 330.
729 2485 846 2534 Bekker.
889 2480 1203 2569 Mile-,adscripsisse
1223 2469 1271 2530 aut
1290 2481 1369 2545 plura
1387 2482 1460 2546 apud
1479 2481 1590 2532 suidam
1607 2480 1782 2530 intercidisse
1801 2495 1841 2529 ru*

149 2577 197 2625 τος
219 2563 328 2627 φαύλας
350 2559 506 2625 τραγῳδίας
535 2558 661 2626 ποιητής.
684 2586 716 2595 -
739 2559 770 2610 έν
792 2558 822 2610 δέ
847 2559 1066 2623 Γεωργοῑςιῖιιει
1086 2573 1200 2622 quorum
1219 2561 1345 2605 neutrum
1366 2562 1409 2606 eet
1427 2558 1578 2622 probabile.

150 2636 377 2704 (Ἀριστοφάνης)
397 2635 435 2698 ῶς
454 2633 574 2686 Καλλίαν
592 2633 776 2702 περαίνοντος
795 2633 882 2685 αύτού
901 2622 995 2699 (Καλή
1041 2631 1119 2691 177ι.
1157 2633 1269 2692 Sulcius,
1294 2631 1373 2692 Τοῖς
1395 2631 1641 2697 Ἱπποκράτους
1665 2631 1776 2684 υἱέσιν
1794 2650 1839 2679 -:

151 2711 211 2766 λίσυ
235 2710 419 2776 περαίνοντος
442 2711 531 2763 αὐτόν
551 2701 700 2777 itergkius)
730 2710 874 2775 μέμνηται.
920 2708 1086 2781 Cal-loitres
1105 2708 1143 2770 ῶς
1162 2706 1260 2768 ύῶόεις
1277 2707 1352 2770 τινὲς
1375 2707 1419 2760 καί
1443 2707 1605 2760 ἀπαίδευτοι
1627 2707 1839 2773 έκωμῳόούντο.

150 2791 213 2840 liam
233 2791 300 2839 dicit
317 2789 467 2853 Hipponici
486 2787 583 2850 tilium,
603 2788 810 2840 Atheniensium
829 2787 980 2856 opulentis·
993 2792 995 2807 ¹
1008 2784 1052 2836 καὶ
1070 2783 1133 2848 τάχ’
1150 2783 1185 2834 ἂν
1203 2782 1276 2846 ἦσαν
1295 2781 1471 2848 προκέφαλοί
1488 2799 1575 2848 τινες,
1599 2785 1638 2849 ῶς
1656 2783 1687 2836 ἐν
1707 2779 1840 2849 Γεωργοῖς

150 2868 254 2920 simum.
291 2865 369 2920 Ceut.
388 2865 484 2933 fragm.
502 2867 560 2918 316.
992 2860 1076 2932 Ιφησί
1095 2860 1140 2918 καί
1159 2857 1189 2910 ἐν
1208 2858 1372 2930 Τριφάλητι,

854 3139 1134 3214 ΓΗΡΑΣ.

182 3331 224 3380 De
243 3330 325 3380 huius
350 3330 462 3380 fabulae
486 3335 645 3394 argumento
668 3336 698 3380 et
721 3331 901 3396 dispositione
926 3330 979 3378 exi·
1041 3325 1106 3384 llll.
1141 3327 1458 3390 assentaneupsssu.
1482 3325 1643 3390 Βεμβράόες.
1660 3353 1694 3364 ·-
1714 3327 1751 3380 Ἀ,
1769 3324 1840 3392 Γήρᾳ

151 3409 231 3458 mium
250 3408 505 3457 commentationem
525 3408 690 3458 Suevernius
709 3408 796 3457 edidit
814 3406 934 3456 Beroliui
954 3420 978 3457 a.
1075 3401 1141 3464 Ταῖς
1159 3402 1329 3466 πολιόχρωσι
1350 3401 1498 3466 βεμβράσιν
1516 3403 1699 3468 τεθραμμένη.

150 3488 223 3536 1827.
259 3483 300 3532 Εκ
320 3499 373 3548 qua
391 3499 441 3532 nos
459 3499 508 3547 pro
527 3469 866 3534 consilionostrotantum
884 3481 979 3530 affere·
1041 3481 1108 3541 180.
1144 3485 1240 3535 Ροίίαιι
1259 3489 1283 3544 6,
1303 3488 1344 3537 69.
1379 3483 1410 3534 Ὁ
1429 3484 1455 3534 δ’
1475 3484 1511 3535 Ἀ.
1531 3483 1562 3535 ἐν
1580 3489 1621 3550 τῶ
1643 3483 1714 3550 Γήρᾳ
1733 3484 1805 3547 λέγει

149 3575 207 3610 mus
230 3563 362 3623 quantum
386 3576 440 3610 non
466 3561 495 3609 iu
519 3557 578 3610 sola
602 3559 760 3608 coniectura
787 3559 905 3623 positum
928 3560 979 3616 est,
1077 3559 1199 3623 Ὀξωτά,
1219 3559 1372 3623 σιλφιωτά,
1393 3561 1503 3622 βολβός,
1523 3559 1662 3624 τεύτλιον,

149 3637 196 3688 sed
221 3652 254 3686 ex
279 3636 452 3700 fragmentis,
478 3651 546 3700 quae
566 3649 652 3699 pauca
671 3639 833 3698 supersunt,
856 3649 909 3682 non
929 3631 978 3682 fal·
1074 3635 1246 3699 ὑπότριμμα,
1266 3638 1358 3699 θρῖον,
1378 3635 1546 3699 ἐγκέφαλος,
1566 3635 1705 3702 ὀρίγανον.

149 3713 203 3762 laci
221 3712 326 3761 ratione
345 3711 455 3762 videtur
473 3710 566 3774 colligi
584 3725 672 3774 posse.
708 3711 746 3760 Ac
767 3711 852 3775 primo
871 3697 978 3774 quidem
1008 3713 1101 3762 Codex
1120 3711 1337 3777 Falckenburgii
1355 3710 1556 3776 ὑπογρίκομμα,
1591 3713 1662 3764 undu
1681 3712 1840 3776 ὑπότριμμα

147 3787 215 3837 illud
233 3786 374 3836 verissime
394 3786 496 3837 dixisse
519 3787 638 3836 arbitror
656 3788 847 3844 Suevernium,
868 3786 976 3835 chorum
1008 3790 1118 3840 restitui
1136 3805 1184 3854 pro
1203 3786 1367 3852 περίκομμα.
1406 3791 1547 3853 Diogenes
1563 3790 1692 3840 Laertius
1710 3791 1735 3851 4,
1755 3790 1786 3839 18
1806 3789 1838 3839 de

149 3879 182 3914 ex
201 3863 313 3913 senibus
335 3861 422 3911 fuisse
446 3863 638 3928 compositum,
662 3865 709 3927 qui
731 3866 902 3914 senectutem
920 3865 979 3910 tan·
1008 3865 1166 3927 Polemone,
1187 3862 1222 3926 ήν
1240 3861 1291 3914 σύν
1309 3861 1420 3925 ἀστεῖός
1438 3878 1479 3925 τις
1498 3865 1543 3916 καῖ
1557 3869 1696 3928 γενναῖος,
1716 3879 1839 3932 παρῃτη-

148 3955 229 4003 quam
248 3942 390 4002 serpentes
407 3946 509 4000 cutem,
534 3953 602 4001 quae
620 3938 683 4004 ipsa
701 3939 906 4004 ᾳυοᾳιιογήρας
925 3937 979 3986 dici
1008 3937 1221 4005 μένοςάφησιν
1235 3938 1272 3989 Ἀ.
1285 3938 1348 4002 περὶ
1363 3937 1510 4004 Εὐριπίδου
1523 3937 1616 3991 όξωτά
1629 3941 1673 3990 καί
1691 3939 1838 4003 σιλφιωτά,

149 4017 183 4064 ab
198 4013 311 4064 Graecis
331 4011 409 4070 solet,
427 4013 563 4063 abiecisse
576 4013 752 4078 fingerentur,
772 4014 853 4064 simili
867 4015 979 4064 invento
1007 4015 1098 4078 (codd.
1117 4013 1211 4066 όξωτά
1234 4014 1278 4065 καί
1301 4013 1463 4079 στιλφωτά,
1487 4024 1514 4066 et
1537 4017 1631 4066 eadem
1656 4017 1713 4066 iere
1732 4031 1839 4080 corrup·

148 4096 231 4154 atquc
249 4090 279 4138 in
290 4088 439 4152 Equitibus
451 4089 563 4138 Domum
576 4095 725 4152 recoctum,
744 4090 794 4138 hoc
813 4093 856 4140 est
874 4090 979 4139 invete-
1007 4090 1065 4141 tela
1083 4087 1175 4142 όζωτά
1194 4090 1238 4140 καί
1257 4090 1404 4153 στιλφωτὰ
1421 4093 1495 4157 apud
1513 4092 1624 4142 Suidam
1637 4107 1659 4145 s.
1671 4108 1696 4144 ν.
1713 4090 1838 4152 Ὀζωτά.)

149 4165 217 4213 ratis
240 4163 319 4212 malis
342 4165 398 4212 suis
421 4163 579 4228 liberatum,
609 4166 718 4230 prodire
744 4166 878 4216 videmus.
920 4168 979 4229 Quo
1007 4165 1089 4232 άπερ,
1109 4166 1148 4228 ως
1167 4165 1182 4216 ό
1201 4165 1288 4227 αὐτός
1306 4179 1384 4230 φησι,

148 4243 261 4304 peracto
279 4253 360 4288 senes
378 4238 463 4288 multa
477 4238 596 4292 edidisse
609 4241 736 4290 videntur
754 4241 883 4292 iuvenilis
899 4241 978 4292 decu·
1076 4241 1300 4307 Καταπυγοσύνη
1318 4243 1400 4293 ταῦτ’
1418 4243 1478 4294 ἐστί
1497 4245 1567 4308 πρὸς
1585 4245 1666 4308 κρέας
1686 4243 1760 4307 μέγα.

146 4321 240 4366 menta
263 4314 435 4381 petulantiae
459 4320 487 4366 et
505 4316 651 4380 lasciviae,
676 4319 753 4368 cuius
776 4317 879 4366 iudicia
897 4333 979 4382 quae·
1009 4322 1122 4370 Sensum
1142 4321 1290 4370 obscenum
1308 4321 1451 4370 verborum
1470 4320 1551 4384 κρέας
1574 4320 1644 4384 μέγα
1662 4325 1838 4371 annotatione

148 4390 210 4440 dam
227 4391 256 4440 in
276 4390 437 4454 fragmentis
459 4397 616 4456 supersunt.
655 4393 696 4442 Ex
720 4394 819 4457 quibus
836 4395 979 4458 probabile
1008 4413 1057 4448 sua
1079 4395 1219 4458 ‚indicavit
1246 4395 1399 4460 Meuagius.
1448 4397 1525 4446 Idem
1554 4398 1590 4446 ad
1620 4395 1839 4460 καταπυγοσύνη

147 4464 177 4514 fit
195 4465 267 4516 idem
287 4465 345 4514 lere
363 4466 444 4517 huius
464 4467 574 4519 tabulae
593 4475 675 4534 atque
690 4469 820 4534 Equitum
838 4471 979 4521 consilinm
1009 4473 1141 4538 Hesychii
1165 4471 1283 4536 glossam
1305 4471 1413 4534 attulit,
1439 4470 1726 4537 Καταπυγοσύνηι
1750 4471 1838 4536 ἡδονὴ

148 4541 247 4599 firmae,
271 4543 302 4590 ut
324 4557 379 4591 non
397 4543 608 4594 ostenderentur
630 4549 738 4594 tantum
756 4545 851 4610 populi
869 4546 979 4596 Atheni·
1010 4548 1122 4614 μεγάλη.

146 4615 219 4667 ensis
237 4617 320 4680 vitia,
339 4616 388 4666 sed
406 4618 872 4671 etiamtollcndorumeorumratio
889 4620 980 4686 lepido
1042 4630 1103 4690 181,
1138 4620 1275 4692 Polluxt,
1297 4633 1352 4680 180.
1389 4630 1428 4682 Ἀ.
1446 4629 1477 4682 ἐν
1494 4633 1536 4696 τῷ
1557 4630 1629 4696 Γήρᾳ
1646 4633 1734 4696 φησίν

146 4693 258 4743 invento
277 4697 483 4744 monstraretur.
513 4695 572 4746 Nec
590 4700 711 4760 tempore
725 4696 837 4746 multum
852 4698 886 4748 ab
900 4699 981 4762 Equi·
1076 4705 1285 4773 ὀφθαλμιάσας
1304 4705 1421 4770 πέρυσιν
1439 4705 1492 4758 εἶτ’
1509 4707 1593 4771 ἔσχον
1611 4709 1712 4772 κακῶς,

149 4767 223 4818 tibus
242 4773 347 4818 remotis
367 4768 452 4818 fuisse
470 4770 588 4820 videtur.
1075 4783 1162 4836 ἔπειθ’
1179 4781 1405 4846 ὑπαλειφόμςνος
1424 4781 1490 4846 παρ’
1509 4781 1604 4847 ἰατρῷ,

180 4858 246 4918 178.
280 4861 440 4912 Athenaeus
463 4865 487 4912 3.
510 4879 536 4928 p.
556 4869 627 4917 1001.
668 4863 839 4930 Κριβανίτην.
874 4865 979 4918 τούτου
1039 4855 1104 4916 182.
1139 4859 1237 4910 Pollux
1256 4861 1280 4920 u,
1299 4860 1338 4906 39.
1376 4855 1425 4908 Καί
1442 4857 1476 4908 τὸ
1494 4858 1544 4919 μέν
1562 4859 1669 4921 πλῆθος
1687 4862 1747 4909 τῶν
1765 4857 1838 4911 oiso-

147 4935 315 5001 μνημονεύει
334 4935 372 4987 Ἀ.
391 4935 422 4986 ἐν
442 4935 526 5003 Γήρᾳ·
551 4944 623 4992 ποιεῖ
641 4940 671 4991 δέ
694 4940 833 5003 λέγουσαν
850 4940 980 5006 άρτόπω-
1007 4932 1178 4999 δθμῐῖμίῑτων
1196 4929 1279 4984 0111101
1298 4933 1343 4982 Καί
1361 4932 1495 4984 ⁰⁰V⁰¹¹<s⁰¹
1507 4935 1551 4985 Καί
1563 4931 1651 4996 011109
1663 4933 1837 4999 πίρῖδύθμθςι

146 5013 191 5062 λιν
208 5011 426 5076 διηρπασμένων
444 5011 530 5077 αύτῆς
548 5019 608 5067 τῶν
626 5015 721 5080 ἄρτων
739 5015 796 5067 oue
807 5019 867 5070 τῶν
879 5017 913 5068 τό
931 5021 979 5082 γῆ·
1006 5009 1045 5072 ὡς
1063 5009 1093 5062 ἐν
1112 5013 1154 5076 Τῷ
1176 5007 1249 5074 Γήρᾳ
1269 5008 1306 5059 Ἀ·

145 5100 195 5151 ρας
207 5085 412 5148 ἀποβαλόντων
425 5087 523 5152 (codex
541 5089 777 5154 άπαβαλλόντωνε
793 5091 842 5141 sed
860 5093 979 5144 aeristus
1075 5084 1134 5137 Ἐπί
1153 5087 1204 5135 τοῦ
1223 5082 1391 5147 Militiam)
1409 5084 1499 5135 στᾶσα
1516 5086 1567 5149 Γῆς
1585 5084 1728 5148 ἱννοῑκίαςι

110 5189 114 5204 .
145 5163 306 5227 requiritur,
333 5168 364 5212 ut
389 5164 476 5227 γῆρας
500 5162 579 5227 ἐκδύς
607 5174 649 5217 est
677 5168 705 5216 in
729 5170 802 5217 Pace
825 5183 851 5216 v.
870 5171 926 5220 316,
951 5177 979 5219 et
1005 5161 1081 5212 Idem
1099 5164 1123 5224 Γ,
1144 5163 1199 5210 125.
1237 5160 1308 5210 hunc
1334 5160 1424 5210 locum
1451 5165 1562 5226 propter
1582 5163 1744 5212 vocabulum
1763 5159 1838 5226 περί-

145 5236 349 5292 άποσείσασβαι
367 5238 401 5289 τὸ
418 5241 505 5304 γῆρας
522 5243 590 5306 Lys.
608 5259 634 5292 v.
654 5245 724 5305 667.)
1004 5236 1106 5301 όρομος
1129 5237 1223 5298 affert,
1246 5237 1293 5286 ubi
1316 5234 1345 5286 ἐκ
1369 5251 1416 5298 pro
1439 5233 1485 5288 έπῖ
1508 5238 1646 5303 scriptum.
1687 5240 1754 5288 Tum
1775 5238 1838 5289 libri

196 5328 220 5365 α.
238 5313 325 5366 Τουτῖ
341 5312 368 5364 τί
386 5313 423 5378 ῆν
441 5316 476 5367 τὸ
494 5319 620 5380 πραγμα;
641 5320 662 5380 β.
681 5319 812 5383 θερμούς,
833 5317 977 5372 ῶτέκνον,
991 5311 1150 5374 συνοικίας·

194 5403 220 5439 α.
238 5387 301 5441 ἀλλ’
317 5388 335 5452 ἠ
354 5395 556 5456 παραφρονεῖς
576 5394 598 5455 β.
618 5391 787 5457 κριβανίτας,
807 5393 830 5446 ῶ
849 5391 955 5446 τέκνονὶ
1037 5393 1103 5454 183.
1138 5397 1235 5448 Pollux
1254 5399 1294 5459 10,
1314 5400 1354 5447 14.
1392 5395 1436 5448 Ἐν
1453 5397 1483 5448 δέ
1501 5401 1544 5462 τῷ
1565 5397 1636 5462 Γήρᾳ
1654 5396 1708 5461 ἔφη

143 5467 189 5516 lta
212 5465 300 5515 codex
322 5467 456 5518 Venetus:
490 5471 650 5536 apographa
672 5469 828 5533 reputavisse
850 5469 925 5522 πάνυ
946 5471 977 5523 δέ
1072 5472 1184 5538 Ὑαμίαν
1202 5471 1337 5525 δανείζειν
1356 5472 1546 5538 πεντέχουνῆ
1568 5471 1687 5537 μείζονα.

145 5539 201 5605 (vel
219 5540 249 5592 δέ
267 5540 353 5603 πάνυ)
373 5542 489 5605 λευκούς
507 5542 531 5612 ᾦ
549 5544 657 5596 τέκνον.
694 5549 770 5609 Quae
788 5562 822 5595 ex
841 5549 977 5612 epitomae
990 5560 993 5573 ¹
1005 5548 1079 5600 ὥστε
1102 5549 1135 5600 ού
1159 5547 1247 5611 μόνον
1270 5549 1384 5612 ὕδατος,
1407 5548 1478 5601 ἀλλὰ
1496 5551 1541 5601 καί
1564 5547 1643 5600 οἴνου
1666 5549 1699 5600 dv
1724 5549 1766 5616 εἴη
1790 5551 1836 5616 ἀγ-

143 5619 236 5670 verbis
253 5618 422 5684 interpolata
440 5621 569 5672 videntur
587 5618 742 5687 κριβανίτας
760 5619 790 5674 tt
802 5622 919 5685 λευκούς
932 5621 976 5689 άρ-
990 5629 1081 5688 ιγεῖον
1098 5625 1115 5688 ῆ
1134 5621 1219 5688 eopia.
1255 5623 1309 5689 ἔφη
1329 5625 1472 5676 Bentleius
1491 5643 1539 5692 pro
1557 5625 1609 5687 ἐφ’.

144 5707 210 5755 τους
230 5692 267 5745 Ἀ.
285 5709 341 5745 που
359 5691 437 5779 φησί.
990 5680 993 5760 ί
1035 5697 1099 5758 184.
1134 5699 1231 5752 Ροίίιυι
1251 5703 1290 5764 10,
1310 5703 1366 5752 104.
1403 5700 1620 5766 Ἀριστοφάνους
1649 5704 1719 5762 γοῦν
1738 5699 1768 5754 ἐν
1787 5703 1837 5755 Ἱπ·
