4268 6602
613 1377 1690 1506 ETPIH'IAOTEKABH.

745 2103 813 2176 TA
837 2103 940 2178 TOT
978 2103 1256 2178 ΔΡΑΜΑΤΟΣ
1300 2104 1554 2179 ΠΡΟΣΩΠΛ

459 2289 694 2342 Ποααιανου
711 2291 884 2343 υιιαλοιι.
1200 2291 1422 2345 πιλοτιιιοιι.

458 2377 592 2426 ιικιιιιι.
918 2435 921 2444 ,
1150 2295 1154 2473 ί
1199 2376 1419 2428 ουνιιιιιιιιι.

429 2498 431 2502 .
460 2461 583 2511 κοΡοΣ
603 2461 885 2513 κικιιιιιανιαμιι
904 2461 1103 2514 Γαυιικαιτ.
1149 2486 1152 2519 ,
1198 2462 1439 2512 Ammonos.

459 2543 677 2600 ποατααιιιτ.
889 2526 911 2550 ’“
1148 2528 1151 2680 4
1197 2545 1469 2597 nonmusios.

460 2628 668 2682 οΔαΣΣΕαΣ.

928 3109 930 3112 ’
966 3123 1051 3197 ΎΠ
1066 3123 1098 3198 Ο
1116 3125 1147 3200 Θ
1163 3125 1196 3197 Ε
1213 3124 1331 3198 ΣΙΣ.

874 3294 935 3374 (nx
958 3295 1062 3355 conoe
1084 3297 1224 3357 Parisino
1250 3294 1300 3377 μη
1325 3295 1431 3376 2712.)

392 3463 481 3526 Μετὰ
507 3464 565 3540 τήν
592 3463 685 3527 Ἰλίου
712 3459 898 3540 πολιορκίαν
926 3464 957 3527 οἱ
984 3463 1040 3543 μὲν
1064 3466 1221 3542 Ἑλλήνες
1250 3463 1294 3541 εἰς
1323 3467 1381 3542 τήν
1409 3463 1583 3543 ἀντιπέραν
1607 3465 1762 3548 Τρῳάδος
1786 3466 1996 3545 Χερρόνησον

307 3563 588 3645 καθωρμίσθησαν,
620 3565 780 3642 Ἀχιλλεύς
803 3565 838 3628 δὲ
861 3567 976 3643 νυκτὸς
999 3565 1126 3644 ὁραθείς
1150 3569 1313 3646 σφαγῆναι
1336 3565 1424 3643 ἠξίου
1447 3567 1519 3644 μίαν
1542 3570 1607 3630 τῶν
1629 3565 1775 3644 Πριάμου
1797 3569 1995 3646 θυγατέρων.

307 3665 337 3727 οἱ
366 3667 423 3742 μέν
455 3665 513 3728 ούν
536 3667 692 3743 Ἑλληνες
721 3670 874 3745 τιμῶντες
903 3669 960 3730 τὸν
993 3667 1084 3746 ἥρωα
1111 3667 1296 3745 Πολυξένην
1326 3667 1580 3744 ἀποσπάσαντες
1609 3668 1743 3747 Ἑκάβης
1771 3669 1996 3748 ἐσφαγίασαν,

307 3765 532 3846 Πολυμήστωρ
555 3769 590 3830 δέ
612 3768 630 3830 δ
652 3774 717 3831 τῶν
741 3768 876 3849 Θρᾳκῶν
901 3769 1051 3846 βασιλεὺς
1075 3769 1131 3832 ένα
1152 3773 1218 3834 τῶν
1238 3769 1423 3846 Πριαμιδῶν
1439 3769 1642 3847 Πολύδωρον
1666 3772 1879 3849 κατέσφαξεν.
1919 3771 1997 3848 εἰλή-

307 3889 360 3947 φει
383 3870 418 3932 δὲ
440 3873 557 3933 τούτου
580 3870 666 3946 παρὰ
688 3872 745 3932 τὀὓ
768 3868 913 3947 Πριάμου
937 3869 955 3932 ὁ
978 3870 1201 3950 Πολυμήστωρ
1225 3871 1270 3948 εἰς
1293 3871 1553 3949 παρακαταθήκεν
1575 3872 1652 3948 μετὰ
1674 3872 1854 3950 χρημάτων.
1905 3873 1997 3937 ἁλού-

308 3986 369 4048 σης
393 3973 427 4034 δὲ
456 3974 513 4048 τῆς
541 3971 669 4047 πόλεως
699 3974 870 4049 κατασχεῖν
895 3970 993 4035 αὐτού
1017 3972 1214 4051 βουλόμενος
1237 3973 1294 4037 τὸν
1316 3975 1459 4036 πλοῦτον
1482 3975 1633 4052 φονεύειν
1651 3971 1796 4055 ὥρμησε,
1820 3973 1873 4036 καὶ
1889 3973 1999 4054 φιλίας

306 4076 491 4151 δυστυχοῦς
514 4073 729 4150 ὠλιγώρησεν.
774 4073 961 4152 ἐκριφέντας
984 4076 1019 4136 δὲ
1041 4078 1099 4136 τού
1123 4075 1273 4151 σώματος
1296 4073 1341 4151 εἰς
1363 4075 1420 4152 τὴν
1443 4074 1613 4138 Θάλασσαν
1640 4076 1677 4138 τὸ
1700 4077 1885 4140 κλυδώνιον
1918 4078 1999 4154 πρὸς

306 4173 363 4252 τὰς
392 4177 457 4238 τῶν
487 4174 725 4253 αἰχμαλωτίδων
754 4175 875 4257 σκηνάς
904 4175 1002 4239 αὐτὸν
1026 4175 1180 4255 ἐξέβαλεν.
1224 4175 1337 4256 Ἑκάβη
1365 4178 1400 4240 δὲ
1423 4177 1481 4240 τὸν
1504 4177 1620 4254 νεκρὸν
1648 4179 1829 4255 θεασαμένη
1851 4178 2000 4254 ἐπέγνω·

305 4277 527 4355 κοινωσαμένη
556 4277 592 4339 δέ
618 4278 676 4354 τήν
704 4278 833 4354 γνώμην
856 4277 1063 4354 Ἀγαμέμνονι
1084 4277 1326 4356 Πολυμήστορα
1354 4280 1415 4341 σὺν
1444 4281 1513 4355 τοῖς
1539 4279 1649 4342 παισὶν
1679 4278 1779 4342 αὐτοῦ
1803 4279 1849 4357 ὼς
1876 4281 1998 4358 ἑαυτήν

307 4379 544 4460 μετεπέμψατο,
568 4378 756 4456 κρύπτουσα
777 4379 814 4442 τὸ
836 4379 973 4456 γεγονὸς
981 4427 990 4460 ,
1015 4378 1062 4456 ὡς
1085 4379 1269 4457 θησαυρούς
1292 4379 1327 4442 ἐν
1350 4379 1428 4462 Ἰλίῳ
1451 4380 1577 4463 μηνύσῃ
1599 4379 1703 4464 αύτῷ·
1728 4383 2002 4460 παραγενομένου

306 4481 342 4542 δὲ
363 4481 440 4557 τοὺς
468 4483 524 4556 μέν
548 4478 637 4557 υἱούς
666 4480 880 4560 κατέσφαξεν,
909 4481 1007 4544 αὐτὸν
1030 4483 1065 4543 δέ
1087 4482 1152 4544 τῶν
1183 4481 1358 4560 ὀφθαλμῶν
1378 4481 1563 4559 έστέρησεν.
1608 4481 1667 4544 ἐπὶ.
1682 4483 1717 4544 δὲ
1740 4487 1805 4547 τῶν
1828 4481 2001 4561 Ἑλλήνων

306 4582 447 4657 λέγουσα
473 4583 531 4648 τὸν
560 4583 739 4659 κατήγορον
767 4583 920 4660 ἐνίκησεν.
965 4582 1068 4660 ἐκρίθη
1096 4583 1157 4660 γὰρ
1185 4581 1243 4646 οὐκ
1272 4581 1380 4661 ἄρχειν
1410 4583 1592 4660 ὠμότητος,
1621 4583 1691 4645 ἀλλ’
1724 4583 1914 4661 ἀμύνασθαι
1944 4589 2001 4651 τὸν

305 4685 507 4763 κατάρξαντα.
917 4688 922 4694 ’

1008 4908 1075 4916 ...--
1098 4909 1288 4918 ,Ἢ

505 5128 739 5181 ΠΟΛΤΔΩΡΟΤ
757 5128 931 5180 ΕΙΔΩΛΟΝ.
1147 5129 1150 5205 λ
1228 5125 1411 5195 Πολύδωρος,
1431 5126 1544 5194 ’Ἑκάβης
1557 5129 1622 5190 παίς
1634 5129 1725 5193 γεγιίις
1738 5131 1790 5194 τῆς
1805 5126 1941 5194 Κισσέως

373 5200 451 5256 Ἥκω
468 5208 578 5269 νεκρῶν
592 5207 741 5268 κευθμῶνα
753 5207 798 5256 καλ
811 5205 916 5258 σκότου
930 5203 1021 5264 πύλας
1227 5204 1353 5269 Πριάμου
1365 5221 1396 5257 τε
1410 5205 1530 5269 πατρὸς,
1549 5204 1579 5266 ὅς
1593 5206 1627 5268 μ’,
1647 5206 1709 5257 ἐπελ
1722 5204 1844 5270 Φρυγῶν
1858 5208 1955 5259 πάλιν

373 5282 477 5344 λιπὼν,
495 5280 533 5333 ίν’
545 5282 640 5347 Ἅιδης
652 5283 736 5346 χωρίς
750 5283 865 5349 ᾤκισται
879 5283 965 5346 θεῶν,

1159 5419 1268 5484 ρολιιλιιο
1281 5435 1334 5470 uno
1347 5419 1508 5470 Florentino
1523 5419 1575 5482 (32,
1588 5417 1626 5483 2.)
1640 5420 1670 5472 C.
1695 5421 1762 5470 Noni
1771 5421 1941 5472 Vaticanus
1955 5423 2006 5471 Pn-

363 5487 394 5537 In
405 5488 530 5549 Hecuba,
542 5488 640 5537 Oreste
654 5494 682 5537 ot
692 5489 850 5538 Phoenissis
863 5487 1025 5552 antiquioris
1038 5501 1131 5536 τεοαιι-
1157 5489 1261 5537 latinns
1273 5491 1330 5539 287.
1344 5487 1390 5552 (Ρ)
1404 5488 1446 5537 his
1460 5488 1561 5538 fabulis
1576 5492 1659 5537 caret.

303 5555 389 5606 sionis
402 5558 519 5606 testibus
532 5557 633 5604 utinm·
646 5561 775 5620 quattuor
787 5558 864 5606 Mvn
877 5563 905 5606 ot
918 5556 958 5620 (in
972 5571 1024 5620 quo
1038 5572 1061 5606 ν.
1077 5559 1131 5604 1-
1226 5559 1248 5606 l.
1261 5551 1377 5620 σκότου]
1392 5571 1435 5619 γρ.
1448 5555 1492 5605 καί
1506 5553 1625 5616 σκύτους
1641 5558 1676 5609 M.
1745 5560 1769 5609 3.
1787 5557 1838 5620 τής
1853 5554 2004 5623 Κισσέως]

303 5627 360 5676 ύθύ.
372 5627 406 5677 ab
420 5639 501 5675 πιιιιιιι
515 5624 597 5674 multo
611 5626 763 5676 recentiore
777 5624 897 5692 suppleti
911 5623 986 5688 sunt)
1000 5626 1035 5674 B:
1049 5625 1130 5674 iuter·
1143 5644 1145 5676 ι
1157 5637 1198 5690 γρ.
1211 5625 1262 5688 τῆς
1275 5622 1386 5688 Κισσίας
1399 5625 1460 5676 MV.
