4372 6614
523 455 527 464 '
621 482 675 533 ns
705 453 866 534 uenere
899 481 1133 535 rossanum
1163 481 1449 536 assumentum.
1843 483 1886 547 39

343 633 389 685 καί
402 633 437 698 νή
459 631 505 686 Δί’
517 630 687 698 ἐμβαλόντες
699 632 747 685 αύ-
858 667 859 672 ,
1055 635 1227 698 grammatici
1244 635 1339 684 faeere
1357 635 1499 686 solebant:
1518 651 1598 700 quam
1615 637 1748 686 rationem
1765 636 1840 687 clara
1855 637 1885 686 iu

342 704 385 766 τῷ
399 699 545 753 πάτταλον
563 704 728 766 μαγειρικῶς
1054 701 1114 752 luce
1132 701 1281 752 collocavit
1292 700 1428 753 Christian
1445 704 1474 752 iu
1491 704 1720 754 commentatione
1738 703 1771 754 de
1785 707 1884 754 metro·

344 767 372 830 ές
383 767 419 820 τό
432 769 523 833 στόμ’,
537 768 600 822 εἶτα
612 770 637 821 δ’
649 768 764 822 ἔνδοθεν
1054 784 1112 818 rum
1122 769 1329 820 Pindaricorum
1340 769 1534 836 descriptione,
1543 770 1682 822 Monachii
1691 771 1767 821 edita
1776 787 1801 822 a.
1811 773 1883 823 1868.

342 837 397 900 τὴν
408 837 542 898 γλύιτταν
554 835 710 902 ἐξείραντες
722 835 770 888 αύ-
1054 837 1107 898 Qui
1121 838 1196 887 inter
1212 837 1270 888 alia
1287 837 1339 888 hoc
1357 853 1464 903 qnoque
1481 853 1546 890 vere
1559 841 1665 892 monuit
1683 855 1707 904 p.
1721 841 1763 891 26.
1791 839 1885 890 Boisci

344 905 397 955 τοῦ
410 903 584 968 σκεψόμεσθ’
596 903 627 956 εὖ
640 903 794 970 κάνδρικῶς
1053 904 1194 985 cniusdam
1206 905 1292 956 verba
1305 921 1322 955 a
1334 904 1459 987 pluribus
1468 909 1657 971 grammaticis
1671 907 1783 957 Latinis
1796 905 1884 957 allato

342 971 710 1106 έὶίηίὲλλααηαιη.
1053 971 1884 1107 tttttttttttttristitiisstitutttttttttff

190 1105 312 1170 aliisque
332 1107 400 1157 loeis
422 1123 491 1172 quos
508 1107 620 1172 collegit
638 1101 800 1160 Gaisiordus
821 1108 849 1158 iu
869 1107 969 1159 Aunot.
988 1107 1025 1158 ad
1052 1107 1137 1171 nisse,

187 1173 343 1238 Hephaest.
357 1173 410 1225 vol.
423 1179 447 1225 ‘A
459 1191 487 1240 p.
499 1178 532 1228 38
541 1203 568 1212 -
576 1179 631 1239 40,
649 1180 817 1227 monometro
830 1191 884 1227 non
896 1182 1024 1228 constan·
1088 1173 1205 1237 Βοῖσκος
1217 1173 1276 1226 dud
1287 1172 1413 1240 Κυζίκου,
1426 1174 1534 1238 παντὸς
1545 1191 1563 1238 γ
1582 1175 1671 1240 αφεύς
1682 1174 1847 1240 ποιήματος,

186 1245 233 1291 tcr
252 1246 318 1292 ante
339 1257 447 1294 versum
470 1243 682 1308 catalecticum,
704 1243 859 1295 sedetiam
879 1244 907 1292 in
931 1244 1021 1295 medio
1084 1241 1137 1293 τόν
1148 1240 1294 1294 όκτάπουν
1307 1241 1399 1307 εὑρὼν
1411 1241 1508 1307 στίχον
1518 1190 1612 1311 Φολβιμ
1625 1241 1718 1308 τίθησι
1730 1244 1831 1308 δῶρον,

185 1313 342 1372 systemate
361 1311 451 1375 posito
462 1308 498 1376 ⁸).
538 1311 697 1376 Systemata
719 1315 811 1362 autem
839 1327 921 1376 ηιιυιιι
942 1312 1023 1362 unius
1052 1310 1115 1374 sed,
1137 1310 1210 1375 quod
1230 1312 1336 1362 Marius
1353 1311 1510 1362 Victorinus
1531 1315 1556 1376 2,
1574 1315 1599 1375 4,
1617 1315 1658 1364 30.
1678 1311 1831 1372 intellexit,
1853 1312 1882 1362 iu

185 1377 278 1427 instar
295 1391 390 1428 versus
407 1378 477 1442 siut,
499 1377 608 1442 syllaba
628 1393 731 1445 anceps
750 1381 781 1428 in
798 1379 894 1430 ultimo
916 1385 1023 1430 tantum
1050 1393 1132 1428 unum
1149 1379 1342 1444 coniungenda
1361 1394 1422 1429 esse
1438 1385 1629 1442 octametrum,
1647 1381 1666 1430 i.
1681 1395 1704 1430 e.
1717 1395 1750 1430 ex
1767 1385 1828 1430 octo
1842 1378 1882 1428 di·

187 1446 351 1507 systematis
364 1445 434 1510 pede
446 1446 536 1496 locum
549 1447 648 1510 habet,
666 1451 695 1497 et
708 1445 834 1511 singulae
848 1446 1022 1514 tetrapodiae
1050 1443 1172 1512 podiis*)
1194 1447 1388 1512 compositum,
1407 1462 1486 1511 quem
1503 1449 1619 1498 Boiscus
1635 1448 1670 1498 ab
1688 1462 1717 1497 se
1739 1447 1882 1498 inuentum

187 1511 234 1561 vel
247 1511 330 1576 plano
343 1511 415 1562 finiri
425 1517 541 1578 possunt
551 1513 694 1578 vocabulo,
707 1519 739 1564 ut
748 1514 907 1579 plerumque
917 1515 1022 1566 iactum
1051 1527 1112 1564 esse
1125 1513 1238 1578 gloriari
1251 1519 1370 1580 poterat.
1406 1515 1506 1566 Versus
1523 1521 1614 1566 autem
1630 1514 1767 1579 longiores
1784 1519 1881 1580 poeta-

187 1584 243 1640 est,
252 1579 297 1630 vel
310 1581 384 1630 iuter
393 1581 463 1631 duas
472 1581 598 1648 dipodias
611 1581 710 1646 diviso,
722 1586 754 1632 ut
767 1582 795 1632 in
808 1583 935 1634 versibus
945 1583 1023 1633 modo
1050 1597 1108 1630 rum
1122 1582 1291 1632 scenicorum
1309 1583 1337 1632 iu
1354 1581 1431 1633 κῶλα
1443 1583 1583 1647 breviora,
1601 1581 1696 1647 qualia
1710 1597 1760 1646 per
1771 1582 1881 1633 codices

186 1645 294 1709 allatis,
308 1655 337 1698 et
349 1655 448 1714 quater
458 1649 533 1700 intra
545 1664 593 1700 sex
604 1649 734 1700 dimetros
747 1651 775 1699 in
786 1650 941 1714 fragmento
953 1650 1022 1701 Phe·
1051 1654 1207 1715 propagata
1217 1649 1418 1712 essevidcmus,
1430 1665 1484 1700 non
1493 1665 1510 1700 a
1521 1651 1609 1715 poetis
1619 1650 1688 1714 ipsis
1697 1663 1756 1700 esse
1768 1649 1881 1713 divisos,

186 1716 307 1765 recretis
320 1716 394 1780 apud
404 1716 577 1768 Athenaeum
589 1721 613 1769 3.
645 1719 706 1770 .06.
916 1733 918 1738 ·
1050 1717 1350 1780 sedgrammatlcorum
1361 1717 1468 1768 demum
1478 1717 1723 1768 Alexandrinorum
1736 1721 1829 1767 aetate
1839 1716 1881 1766 sic

343 1783 388 1834 καί
400 1781 463 1848 δῆθ’
474 1781 592 1848 ὑπάρχει
603 1733 724 1849 τόμαχος
735 1783 777 1848 έγ-
1050 1784 1170 1834 describi
1179 1787 1304 1850 coepisse
1314 1800 1347 1836 ex
1353 1785 1464 1836 indiciis
1470 1785 1630 1850 quibusdam
1638 1785 1731 1849 colligi
1738 1798 1878 1850 possecre·

341 1849 450 1914 χὲλεισν
462 1850 542 1916 ύμῖν,
560 1852 667 1916 τευθίς,
686 1851 732 1917 ἄρ
1050 1851 1092 1901 dit
1104 1849 1242 1902 Christius
1255 1869 1280 1919 p.
1292 1853 1333 1902 at.
1358 1853 1447 1919 Saepe
1459 1859 1553 1904 tamen
1565 1852 1599 1902 de
1612 1852 1748 1904 divisione
1760 1853 1788 1901 in
1801 1849 1881 1901 κῶλα

341 1932 417 1971 νειον
428 1917 526 1984 κρέας,
544 1918 656 1985 φύσκης
667 1919 767 1984 τόμος,
1051 1920 1123 1969 inter
1141 1933 1170 1970 se
1187 1919 1377 1970 dissenserunt
1394 1920 1582 1986 grammatici,
1599 1925 1631 1970 ut
1646 1919 1752 1971 scholia
1764 1919 1881 1969 metrica

340 1986 412 2048 πούς
424 1985 512 2051 ἑφθός
524 1984 614 2052 ἧπαρ,
633 1987 768 2053 πλευρόν,
786 1985 831 2052 όρ-
1049 1988 1079 2036 in
1097 1987 1245 2038 Pindarum
1263 1993 1292 2038 et
1307 1987 1517 2053 Aristophanem
1534 1987 1647 2051 docent,
1664 1988 1693 2036 in
1711 1987 1810 2051 quibus
1827 2000 1880 2035 nou

340 2051 428 2106 νίθεια
441 2053 543 2118 πλήθει
555 2055 661 2121 πολλὰ,
679 2070 726 2106 τυ-
1049 2069 1111 2105 raro
1125 2054 1158 2104 de
1173 2054 1279 2106 dnobus
1297 2054 1456 2121 pluribusve
1469 2054 1571 2118 κιύλοις
1588 2055 1634 2106 vel
1645 2055 1797 2120 separatim
1814 2054 1881 2104 scri-

340 2120 390 2186 ρός
401 2120 432 2174 ἐν
445 2120 545 2186 μέλιτι,
565 2121 641 2187 μερίς
653 2126 753 2188 κρεῶν.
1049 2121 1147 2173 bendis
1167 2123 1211 2174 vel
1226 2123 1255 2172 in
1272 2138 1355 2174 unum
1375 2139 1484 2175 versum
1502 2121 1703 2188 coniungendis
1723 2121 1881 2187 disputatur

185 2185 293 2238 Eadem
305 2187 339 2238 de
352 2189 1021 2255 caussauihilinterestutrumhuiusmodisyste-
1048 2204 1103 2240 uon
1120 2191 1180 2240 sine
1201 2190 1296 2242 multis
1316 2191 1473 2256 imperitiae
1494 2196 1524 2242 et
1540 2176 1663 2258 pervadai
1683 2188 1778 2239 iudicii
1799 2187 1878 2239 docn-

186 2258 266 2306 mata
277 2256 306 2306 in
320 2255 452 2308 dimetros
465 2257 557 2310 divisa
569 2259 735 2322 scribantur,
747 2263 779 2310 ut
791 2258 875 2324 vulgo
887 2257 931 2322 fit,
944 2273 981 2308 an
993 2259 1021 2309 in
1048 2258 1162 2320 mentis,
1186 2272 1301 2323 quorum
1325 2259 1478 2325 specimina
1502 2257 1640 2309 christine
1664 2255 1772 2320 attulit,
1794 2255 1879 2306 multo

184 2328 365 2375 tetrametros
381 2327 441 2377 sive
460 2326 661 2377 octonarios-
673 2327 754 2377 valde
771 2325 834 2378 illos
847 2325 973 2378 diversos
986 2326 1020 2376 ab
1049 2324 1128 2391 plura
1141 2340 1214 2376 uunc
1226 2324 1319 2377 videre
1332 2326 1400 2377 licet
1412 2327 1441 2376 ln
1452 2327 1592 2378 Heliodori
1602 2327 1764 2377 colecestriae
1777 2325 1879 2374 Aristo·

185 2389 373 2442 diverbiorum
387 2393 537 2445 octonariis
552 2394 678 2446 iambicis
695 2399 839 2459 poetarum
851 2395 1020 2444 scenicorum
1047 2395 1164 2458 pisaeae
1179 2394 1340 2458 frumentis,
1359 2409 1429 2460 quae
1448 2410 1482 2445 ex
1499 2394 1612 2445 scholiis
1624 2394 1653 2443 iu
1666 2391 1878 2457 Aristophanem

184 2459 362 2523 Latinorum,
381 2462 481 2527 quibus
493 2462 614 2513 Graecos
631 2477 769 2528 nunquam
785 2476 851 2513 usos
863 2477 924 2512 esse
937 2477 1020 2527 supra
1048 2459 1167 2512 collecta
1179 2461 1268 2511 edidit
1280 2460 1416 2526 docteque
1429 2462 1562 2526 explicuit
1579 2459 1609 2510 O.
1623 2460 1810 2510 Thiemaunus
1822 2459 1879 2508 Ha-

186 2525 315 2578 dieebaru
328 2543 408 2578 -au
421 2528 560 2594 longiores
572 2530 656 2581 etiam
668 2541 775 2593 versus,
787 2529 883 2595 quales
896 2545 947 2596 ego
960 2529 1020 2595 plu·
1048 2527 1211 2579 11τα.1869.
1247 2528 1373 2580 Facilius
1390 2529 1462 2580 enim
1479 2533 1539 2580 erat
1556 2525 1704 2593 περιόδους
1722 2527 1878 2578 discerncre

183 2609 230 2644 rea
247 2597 276 2644 in
293 2609 366 2646 nova
384 2595 437 2662 hae
455 2595 576 2648 editione
592 2597 745 2661 introduxi,
764 2602 795 2648 ut
807 2597 862 2647 iem
874 2597 903 2646 in
915 2598 1020 2648 Descri-
1049 2611 1129 2662 quam
1143 2610 1191 2647 eas
1203 2595 1232 2645 in
1244 2594 1323 2647 κῶλα
1335 2596 1472 2660 dividere,
1491 2598 1520 2646 in
1532 2611 1585 2662 quo
1597 2594 1762 2646 Heliodorus
1779 2595 1879 2646 ceteri·

183 2665 274 2726 ptiose
292 2671 428 2715 memorum
444 2669 602 2717 scenicorum
620 2665 720 2718 Oxouii
742 2665 818 2715 edita
840 2681 866 2718 a.
884 2666 958 2716 teta.
980 2664 1020 2714 fa·
1049 2678 1101 2728 que
1117 2664 1291 2728 grammatici
1309 2665 1470 2730 saepissime
1489 2669 1615 2715 errarunt
1639 2663 1735 2714 metris
1756 2663 1879 2727 antispa-

185 2729 315 2780 ciendum
328 2746 389 2782 esse
402 2731 535 2797 dixeram,
547 2732 626 2784 velut
638 2749 655 2798 p
676 2735 734 2785 027.
747 2734 776 2782 iu
790 2733 910 2783 carmine
919 2731 1021 2783 Achar·
1047 2730 1140 2792 stitis,
1158 2731 1259 2782 Ionicis
1277 2746 1294 2781 a
1311 2732 1415 2782 maiore
1429 2732 1546 2799 aliisque
1564 2731 1636 2782 fictis
1650 2745 1725 2797 ¹quae
1739 2743 1878 2794 nunquam

186 2799 315 2848 meusium
327 2801 470 2852 tos-2⁷9.
483 2801 512 2850 in
524 2800 605 2852 libris
616 2801 645 2850 in
657 2800 868 2866 septemdecim,
886 2801 922 2852 ab
935 2815 978 2852 me
991 2800 1020 2850 iu
1047 2799 1222 2852 exstiterunt.
1259 2797 1391 2850 Solebant
1408 2800 1480 2850 enim
1497 2799 1666 2866 grammatici
1683 2812 1780 2848 versus
1799 2811 1879 2863 quos·

184 2864 315 2915 undecim
326 2882 423 2919 versus
435 2867 525 2920 diviso
712 2899 717 2911 «
1046 2867 1089 2917 sis
1100 2867 1129 2916 in
1142 2869 1273 2931 quattuor
1281 2866 1447 2932 syllabarum
1457 2865 1587 2929 συζυγίας
1597 2866 1731 2930 dividere,
1741 2864 1814 2916 uude
1824 2879 1879 2916 non

219 2931 325 2997 Φαλῆς,
338 2931 431 2999 ἑτιύρε
443 2933 573 3001 Βακχίου,
586 2933 718 3000 ἱύγκωμε
730 2933 1020 3001 νυκτοπεριπλάνητε,
1046 2950 1107 2986 raro
1125 2933 1337 2986 absurdissimae
1355 2934 1492 3001 prodeunt
1503 2941 1649 2986 metrorum
1667 2933 1784 2996 formae,
1801 2932 1879 2983 velut

254 2999 345 3065 μοιχὲ,
363 3001 549 3069 παιδεραστά,
1046 3003 1075 3053 in
1098 3016 1179 3053 versu
1202 3001 1357 3069 Sapphonis
1379 3017 1459 3069 quem
1483 3002 1654 3069 Hephaestio
1678 3003 1722 3064 10,
1746 3002 1771 3050 0.
1792 3015 1819 3064 ρ.
1837 3001 1871 3049 64

219 3063 294 3132 ἕκτῳ
307 3067 335 3120 o'
345 3067 401 3122 ἔτει
413 3073 572 3136 προσεῖπον
584 3067 675 3134 ἐςτόν
686 3070 776 3138 δῆμον
788 3069 1019 3136 έλθὼνόσμενος,
1047 3071 1160 3134 eiusque
1179 3069 1330 3120 scholiasta
1347 3070 1388 3120 sic
1408 3071 1561 3122 metiuntur
1581 3074 1668 3120 metro
1686 3067 1878 3134 antispastieo‚

218 3134 344 3198 σπονδὰς
365 3137 555 3204 ποιησόμενος
576 3137 703 3206 ἐμαυτῷ,
725 3136 900 3205 πραγμάτων
920 3152 953 3190 τε
974 3138 1019 3190 καί
1080 3134 1248 3189 κατθνάσκει
1262 3133 1388 3204 ΚυΙΘέρη’
1400 3135 1484 3202 ἁβρὸς
1499 3137 1504 3202 Ι
1518 3136 1651 3199 Ἀδωνις·
1664 3134 1692 3187 τί
1708 3134 1711 3200 l
1729 3149 1760 3186 κε
1773 3137 1878 3198 θεῖμεν,

253 3207 351 3268 μαχῶν
364 3205 408 3257 καί
420 3205 562 3272 Λαμάχων
573 3204 754 3270 ἀπαλλαγείς.
1045 3206 1113 3256 licet
1131 3207 1217 3257 verba
1234 3206 1295 3272 ipsa
1306 3221 1399 3257 ueram
1415 3211 1570 3258 monstrent
1586 3219 1689 3256 versus.
1703 3203 1878 3255 choriambici

217 3271 319 3337 πολλῷ
331 3269 383 3338 γάρ
396 3272 457 3326 tco‘
467 3273 547 3338 ῆδιον
576 3273 600 3324 dr
613 3272 709 3338 Φαλῆς
721 3272 831 3340 Φαλῆς,
1046 3287 1214 3336 mensuram,

218 3336 399 3392 κλέπτουσαν
412 3339 524 3406 εὑρόνθ’
536 3313 643 3407 ιόρικήν
655 3340 812 3408 ὑληφόρον,
1005 3343 1021 3392 d
1079 3337 1255 3406 sosovdloaet
1269 3337 1402 3407 ΚυθέρηἸ
1421 3339 1507 3407 ἁβρὸς
1518 3338 1660 3406 ἈδωΙνις·
1677 3336 1705 3392 τί
1716 3352 1749 3391 κε
1765 3335 1877 3404 θεῑίμεν.

217 3406 273 3471 τήν
285 3405 490 3474 Στρυμοδώρου
503 3409 634 3476 θρᾷτταν
647 3408 679 3462 ἐκ
690 3412 742 3462 τού
756 3408 903 3474 Φελλέως,
1096 3409 1220 3474 Apparet
1239 3424 1274 3459 ex
1294 3408 1339 3460 his
1359 3411 1535 3460 metricorum
1554 3414 1679 3460 autenm
1700 3413 1877 3473 praeceptum

218 3473 309 3540 μέσην
331 3475 455 3541 λαβόντ’,
481 3475 604 3543 ἄραντα,
631 3477 830 3541 καταβαλόντα
853 3491 1019 3543 καταγιγαρ-
1046 3475 1073 3538 (a
1094 3475 1130 3525 nd
1146 3475 1381 3540 Hephaestionem
1399 3480 1422 3540 1,
1436 3479 1459 3528 7.
1477 3493 1502 3544 ρ.
1514 3475 1570 3541 28.)
1587 3477 1644 3527 πᾶν
1662 3474 1765 3539 μέτρον
1782 3471 1878 3536 είςτε-

252 3540 334 3595 τίσαι.
1044 3491 1123 3594 λελαν
1135 3544 1326 3607 περατούσθαι
1335 3542 1410 3596 λέξιν
1422 3545 1594 3596 verissimum
1604 3559 1665 3594 esse
1679 3544 1702 3592 si
1715 3542 1749 3593 de
1759 3541 1877 3608 perlodis

217 3607 314 3676 Φαλῆς
326 3608 436 3677 Φαλῆς,
1045 3611 1234 3677 intelligatur,
1253 3627 1307 3662 uon
1320 3611 1354 3662 de
1367 3610 1482 3677 κώλοις,
1499 3613 1529 3662 iu
1542 3613 1640 3677 quibus
1653 3611 1877 3675 frequentissima

216 3676 268 3728 έόν
280 3677 341 3741 μεθ’
351 3678 434 3742 ἡμων
446 3678 578 3747 ξυμπίῃς,
597 3678 629 3732 έκ
640 3680 797 3748 κραιπάλης
986 3684 1019 3734 10
1045 3683 1111 3730 sunt
1121 3679 1259 3730 vocabula
1270 3680 1343 3729 inter
1355 3679 1422 3730 duos
1434 3695 1531 3730 versus
1543 3679 1640 3730 divisa.

217 3743 309 3797 ἔωθεν
321 3744 435 3813 εἰρήνης
446 3745 568 3813 ῥοφήσει
579 3747 726 3813 τρύβλιον·
1096 3747 1281 3797 Dimetrorum
1293 3747 1472 3798 iambicorum
1485 3751 1636 3812 systemata
1649 3745 1746 3795 comici
1759 3743 1876 3810 plemm-

216 3811 236 3875 ἡ
249 3811 276 3864 δ’
286 3811 370 3876 όσπΙς
382 3813 413 3867 ἐν
425 3818 468 3881 τῷ
480 3813 603 3884 φεψάλῳ
615 3814 794 3882 κρεμήσεται.
1046 3829 1098 3879 que
1111 3817 1174 3880 post
1185 3814 1336 3880 longiorem
1349 3814 1449 3866 seriem
1460 3820 1681 3866 tetrametrorum
1694 3812 1877 3874 ,catalectico-

180 3879 268 3932 Hclui
280 3883 352 3932 enim
365 3887 422 3934 tres
441 3885 489 3949 qui
500 3885 658 3951 interpositi
675 3890 740 3937 sunt
752 3886 892 3936 trimetros
908 3882 1017 3950 (t-o.),
1045 3897 1103 3934 rum
1116 3886 1281 3947 posuerunt,
1298 3883 1369 3933 utin
1382 3883 1453 3934 Rau.
1467 3885 1526 3935 etl.
1546 3887 1575 3932 et
1586 3881 1724 3932 interdum
1741 3881 1781 3930 ita
1794 3884 1827 3928 ut
1838 3879 1877 3930 di-

180 3947 229 3999 hic
241 3964 295 4000 uon
307 3951 396 4001 miuus
409 3957 489 4018 aptos
503 3967 584 4018 qnam
597 3951 679 4003 alteri
692 3958 749 4005 tres
762 3951 902 4017 (to-12.),
917 3952 1017 4017 quibus
1045 3951 1126 4000 metri
1137 3949 1229 4000 media
1240 3951 1270 4000 in
1283 3952 1424 4001 sententia
1433 3950 1580 4017 incipiant,
1592 3955 1623 3999 ut
1634 3951 1664 3999 in
1674 3950 1726 4015 Eq.
1735 3949 1795 4003 440,
1806 3947 1878 3998 Nub.

181 4031 297 4068 carmen
306 4019 492 4083 concluditur,
505 4019 534 4070 iu
547 4024 722 4072 tetrametros
730 4019 858 4086 redigere
873 4035 946 4071 nexu
958 4035 1019 4072 ver·
1046 4018 1121 4069 1080.
1136 4017 1211 4068 1440.
1246 4017 1314 4070 Post
1330 4019 1470 4069 trimetros
1486 4018 1619 4069 iambicos
1632 4017 1773 4068 substa.
1808 4016 1877 4066 Post

179 4084 280 4135 borum
295 4099 350 4136 uon
366 4087 583 4139 commendatos.
619 4087 753 4140 Similiter
769 4087 907 4138 ineadem
920 4086 1018 4140 fabula
1046 4089 1223 4136 tetrametros
1240 4084 1307 4137 duos
1325 4085 1521 4152 anapaesticos
1536 4085 1606 4136 Rau.
1619 4086 1679 4138 384.
1708 4082 1775 4133 Cum
1792 4087 1877 4132 tetra·

181 4153 360 4205 tuos-101⁷.
378 4153 628 4221 (=1037-toeo.)
645 4171 680 4207 ex
692 4156 786 4207 decem
803 4155 930 4208 dimetria
941 4164 1019 4222 quat·
1045 4154 1140 4203 metris
1152 4153 1278 4203 iambicis
1291 4154 1369 4204 mixti
1382 4153 1487 4204 suntin
1500 4153 1581 4204 Pluto
1593 4167 1620 4204 ν.
1632 4152 1774 4204 aso-321.

182 4225 249 4270 tuor
261 4221 317 4270 feei
328 4220 468 4288 longiores
480 4237 577 4276 versus
1095 4219 1215 4286 Stropba
1229 4235 1263 4271 ex
1275 4219 1379 4273 duobus
1391 4222 1516 4272 dimetria
1528 4220 1700 4273 catalecticis
1713 4232 1820 4283 unoque
1835 4231 1877 4267 se·

203 4285 237 4340 Χ.
253 4287 330 4353 ζηλῶ
345 4301 379 4341 σε
394 4291 446 4356 τῆς
462 4287 621 4356 εὐβουλίας,
644 4291 752 4356 μᾶλλον
768 4290 798 4343 δέ
818 4293 871 4357 τῆς
887 4288 1017 4357 εὐωχίας,
1044 4289 1123 4340 nario
1135 4289 1289 4354 composita
1306 4293 1334 4339 ct
1346 4290 1435 4342 octies
1451 4289 1572 4355 repetita
1590 4294 1634 4339 est
1649 4288 1678 4336 iu
1694 4285 1781 4336 Rauis
1792 4285 1876 4335 tto-

286 4353 434 4423 άνθρισττε,
452 4361 504 4424 τῆς
516 4357 671 4426 παρούσης.
792 4377 796 4386 ·
1043 4358 1118 4420 dil,
1137 4355 1273 4407 extribus
1290 4355 1414 4407 dimetria
1428 4357 1617 4418 catalecticis,
1633 4354 1743 4406 senario
1759 4359 1823 4418 post
1835 4367 1877 4403 sc-

202 4421 241 4474 Δ.
252 4418 282 4473 τί
292 4421 363 4490 δῆτ’,
381 4423 496 4480 ἐπειδάν
507 4426 558 4488 τὰς
571 4424 667 4490 κίχλας
679 4424 952 4492 hasnoniensium,
1044 4423 1161 4474 cundum
1172 4423 1352 4490 interposito,
1368 4426 1398 4476 in
1412 4425 1535 4476 carmine
1551 4421 1752 4488 antistrophico
1765 4421 1876 4474 Thesm.

203 4489 237 4542 Χ.
252 4489 332 4555 olunt
344 4503 377 4546 σε
389 4493 436 4546 καί
446 4494 528 4547 τούτ’
540 4492 571 4546 εύ
588 4493 689 4558 λέγειν.
723 4495 758 4548 Δ.
773 4496 808 4548 τό
821 4496 879 4561 πύρ
890 4491 1017 4548 ύποσκό-
1043 4491 1186 4547 ste-sto.
1199 4492 1388 4558 3081-984.

285 4558 357 4612 λευε.
1094 4561 1127 4611 In
1139 4560 1307 4624 tragicorum
1326 4560 1430 4612 sabulis
1442 4560 1552 4611 dimetri
1563 4557 1723 4625 plenumque
1739 4570 1801 4608 curu
1814 4556 1878 4607 aliis

202 4622 236 4676 Χ.
251 4625 374 4691 ήκουσας
390 4627 430 4692 ως
447 4631 612 4694 μαγειρικῶς
629 4633 747 4696 κομψῶς
763 4645 796 4683 τε
813 4629 859 4683 καὶ
875 4629 1016 4696 δειπνητι·
1043 4628 1138 4678 metris
1161 4632 1225 4678 sunt
1248 4628 1399 4710 consociati
1419 4629 1449 4678 in
1459 4627 1637 4708 ,carminibus
1657 4624 1877 4706 antistrophicis,

177 4761 224 4812 Ad
240 4709 342 4814 λατλλιόις
350 4695 647 4834 ἧδδῗαλόαόλόόλβῗάλα
668 4781 797 4818 versuum
818 4765 970 4833 descriptio
986 4767 1015 4818 in
1042 4693 1877 4830 άτδιόάόῗοίόλόλιαόόόοβκόδίιαιιάιόόῗτιξὲόόῃάλόόβλδ.Θελαλόιὲῗά

178 4832 343 4895 systematis
361 4840 390 4886 et
406 4833 528 4900 strophis
546 4833 715 4900 quibuslibet
733 4834 845 4886 institui
862 4839 970 4898 potest,
986 4834 1015 4884 iu

178 4898 281 4963 quibus
296 4901 384 4952 minor
399 4903 454 4952 erit
470 4917 598 4954 vemnum
614 4917 755 4966 numerus,
774 4901 799 4952 si
817 4906 969 4968 systemata
985 4903 1015 4952 in
1043 4914 1104 4950 uem
1117 4904 1146 4949 et
1158 4912 1192 4948 ex
1204 4899 1408 4964 subscriptione
1421 4899 1524 4950 codicis
1532 4898 1635 4950 Veneti
1646 4898 1676 4948 iu
1689 4895 1744 4948 line
1756 4895 1876 4946 Nubium

178 4963 330 5030 περιόδους
342 4983 406 5020 suas
418 4969 588 5036 dividantur,
600 4976 726 5036 utsupra
740 4969 774 5021 ab
787 4984 831 5019 me
844 4970 1014 5034 factumest,
1043 4971 1072 5018 et
1081 4966 1163 5016 Pacis
1172 4965 1340 5019 κεκύλισται
1349 4965 1380 5020 ἐκ
1392 4969 1454 5020 τῶν
1470 4965 1525 5030 (vel
1540 4965 1611 5030 πρός
1627 4964 1676 5024 τό)
1695 4961 1876 5028 Ἡλιοδώρου,

178 5035 270 5085 maior
281 5037 305 5086 si
318 5036 445 5102 singulae
458 5035 591 5103 περίοδοι,
605 5053 674 5103 quas
684 5036 792 5089 metrici
800 5040 912 5089 veteres
920 5037 1015 5104 appel·
1044 5033 1079 5084 ‹le
1092 5047 1146 5098 quc
1159 5033 1217 5084 dixi
1225 5035 1254 5084 in
1264 5035 1356 5088 Praei.
1370 5035 1406 5086 ad
1415 5033 1526 5086 Scholia
1535 5035 1621 5087 Arist.
1629 5033 1685 5084 vol.
1697 5035 1718 5086 1.
1729 5048 1755 5097 p.
1761 5032 1834 5084 xvi.
1848 5036 1877 5081 st

177 5100 285 5166 larunt,
298 5103 327 5153 in
338 5104 418 5156 κιύλα
430 5105 599 5170 dividantur,
612 5112 643 5157 ut
655 5106 684 5156 iu
694 5104 838 5157 codicibus
849 5104 1015 5156 factumest.
1044 5101 1096 5154 vol.
1110 5105 1134 5153 3.
1153 5117 1180 5166 p.
1194 5104 1251 5154 095.
1276 5102 1420 5154 Heliodori
1438 5101 1591 5168 exemplum
1603 5100 1677 5152 haud
1695 5099 1780 5151 dubie
1798 5113 1877 5150 seeu-

178 5169 210 5219 si
224 5171 286 5234 quis
298 5170 384 5236 igitur
396 5169 528 5238 περιόδου
539 5174 670 5239 cuiusque
684 5173 793 5223 initium
805 5175 835 5222 et
845 5169 926 5224 linem
939 5178 1016 5224 recte
1043 5173 1144 5221 tuaest
1156 5169 1311 5234 fingenius,
1329 5169 1416 5222 seculi
1428 5169 1517 5234 quinti
1530 5171 1658 5220 exeuntis
1673 5167 1877 5234 grammaticus,

178 5239 336 5303 notaverit,
352 5239 422 5292 nihil
435 5242 553 5292 interest
564 5246 655 5292 utrum
667 5237 801 5305 περίοδον
814 5255 948 5306 quamque
960 5256 1015 5291 nno
1044 5251 1124 5304 quem
1136 5236 1334 5302 κωλομετρίαν
1349 5239 1412 5289 τῶν
1429 5238 1552 5302 μελικύιν
1564 5233 1719 5302 Αἰσχύλου,
1737 5232 1878 5298 Σοφοκλέ-

177 5319 263 5356 rcrsu
276 5307 380 5358 scribat
389 5310 465 5359 enin
475 5308 562 5374 κῶλα,
577 5309 719 5374 exquibus
732 5308 885 5373 composita
897 5313 949 5373 est,
963 5308 1018 5360 dia·
1045 5318 1095 5366 ους
1107 5303 1153 5356 καί
1166 5302 1315 5370 Εὐριπίδου
1331 5303 1389 5358 όπό
1400 5303 1553 5371 δραμάτων
1570 5298 1603 5358 ιε’
1615 5304 1760 5370 scripsisse
1775 5301 1877 5354 suidas

180 5377 289 5438 pescst,
302 5380 335 5426 ut
346 5374 560 5442 Heliodorus”)
574 5377 679 5443 aliique
690 5376 852 5428 inferiorum
865 5381 1017 5442 temporum
1043 5374 1130 5424 refert
1142 5388 1164 5426 s.
1177 5389 1204 5424 v.
1218 5371 1355 5436 Εύγένιδς.

177 5460 332 5470 --·-
1092 5439 1117 5505 ⁸)
1136 5441 1246 5492 histrici
1262 5445 1372 5493 veteres
1388 5440 1479 5503 πόδας
1500 5457 1555 5494 non
1576 5441 1663 5494 solum
1687 5437 1813 5504 singulos
1828 5453 1877 5503 ap-

230 5507 259 5594 τ)
276 5509 324 5560 Sic
336 5511 407 5563 Nub.
427 5514 587 5565 10001103.
605 5513 698 5565 verbis
714 5509 743 5564 τί
760 5510 828 5578 δῆθ’
840 5510 919 5580 ὁρᾷς
942 5515 971 5564 et
988 5509 1016 5564 τί
1045 5507 1183 5575 pcllarunt
1196 5507 1292 5592 pedefs,
1310 5509 1359 5561 sed
1375 5511 1459 5561 otiam
1474 5508 1613 5593 διπρδίαςι
1631 5506 1878 5589 ααόοιλιτλιοααεαα

179 5574 327 5708 δῆἷῆέίλλῑας
334 5617 484 5700 Heliodoro
502 5653 658 5702 constater
676 5647 788 5702 scholiis
801 5647 837 5700 ad
853 5648 1015 5716 Aristopha-
1044 5575 1478 5711 λόααλρόόόαιλίόυιττλδδτέλόόάξίλ
1491 5575 1759 5713 άλβόόλίάδόῖλήὼω
1776 5574 1825 5623 ὼ
1842 5573 1877 5623 ὼ
