4372 6614
644 517 699 592 DE
724 515 885 569 massis
909 515 1143 568 POETARUM
1168 516 1452 572 scutariorium.
1606 531 1608 534 '
1847 524 1889 590 33

190 677 266 720 etum
287 670 437 721 admittere
458 670 598 732 maluerit,
619 669 690 718 idem
700 668 786 720 haud
807 667 904 730 dubie,
925 667 951 717 ei
970 666 1029 718 lieri
1055 683 1114 718 rum
1127 670 1279 720 auctoritas
1291 678 1347 734 est,
1361 686 1443 736 quum
1455 687 1599 740 apocopen
1612 677 1848 742 praepositionum
1859 679 1889 727 iu

189 739 343 804 potuisset,
362 740 390 787 in
403 736 563 804 Amphiarai
579 737 690 787 nornine
708 736 847 796 facturus,
865 735 937 800 quod
956 749 1029 784 nuuc
1055 737 1148 787 verbis
1160 739 1321 802 compositis
1339 740 1418 791 modo
1435 742 1609 792 servaverint
1625 743 1703 794 modo
1720 745 1888 796 removerint

187 807 302 856 unicum
316 809 358 858 est
369 805 525 857 huiusmodi
538 804 690 870 exemplum
703 804 732 853 in
744 805 820 869 Sept.
831 804 888 853 569.
902 799 992 865 άλκήν
1003 801 1030 853 τ’
1055 801 1171 854 librarii.
1207 805 1327 856 Eaedem
1339 807 1398 858 iere
1411 808 1437 858 le
1458 824 1488 859 es
1501 813 1612 860 secutus
1624 809 1777 877 Sophocles
1789 813 1887 863 tribra-

189 871 311 938 άριατον
321 871 421 936 μάντιν
435 869 596 938 Ἀμφιάρεω
608 869 679 934 βίαν.
703 871 795 921 Minue
809 869 985 921 fastidiosum
998 885 1028 920 se
1056 870 1136 921 chum
1154 872 1183 920 in
1199 874 1355 924 nominihus
1372 823 1552 941 appeiletivie
1573 881 1602 928 et
1617 879 1735 944 propriis
1756 878 1838 944 (Oed.
1855 881 1888 932 it.

190 941 318 1006 praebuit
334 939 499 1007 Sophocles,
518 940 592 1006 apud
605 955 682 1006 quem
695 939 851 1004 quindecim
865 938 923 989 iere
935 937 1028 987 huius·
1055 939 1113 992 897.
1126 936 1267 1002 Πόλυβον.
1295 942 1362 993 Oed.
1376 941 1405 993 Ο.
1419 945 1492 994 1318.
1510 942 1630 1006 Ταλαός.
1654 947 1726 1000 Phil.
1739 949 1797 1000 006,
1813 949 1887 999 1338.

188 1009 266 1058 morli
279 1009 406 1074 exempla
419 1009 602 1074 reperiuntur,
615 1007 761 1073 aliquanto
773 1006 853 1072 plura
867 1005 941 1070 apud
949 1005 1027 1055 Euri-
1055 1004 1189 1070 Ἕλενος.)
1203 1007 1270 1059 loeis
1283 1009 1394 1061 admisit
1406 1013 1441 1062 ab
1454 1011 1588 1062 Muellero
1601 1012 1732 1064 iudicatis
1744 1031 1769 1080 p.
1781 1018 1821 1066 30.
1844 1015 1888 1064 Ab

188 1075 293 1142 pidem.
324 1077 476 1140 Utriusque
489 1079 589 1141 poetae
602 1073 729 1140 exempla
742 1073 856 1138 collegit
867 1072 1027 1134 Muellerus,
1055 1087 1121 1124 voce
1136 1074 1341 1140 quadrisyllabo
1353 1092 1450 1130 versus
1461 1079 1561 1145 incipit
1573 1079 1641 1130 Oed.
1652 1082 1684 1132 R.
1699 1083 1772 1136 1401.
1785 1079 1887 1134 ἐπίετε.

188 1143 345 1210 Sophoclea
362 1159 388 1210 p.
406 1147 462 1194 199.
481 1145 537 1195 130.
555 1144 595 1206 (ῖιι
612 1143 698 1194 tertio
714 1141 784 1207 pede
806 1139 982 1204 Ἱππομέδων
1000 1145 1028 1190 et
1056 1140 1104 1191 Ph.
1124 1143 1181 1192 309.
1198 1141 1384 1206 προσέδοσαν.
1417 1147 1795 1212 Γτιιχαι.189,1.όλόμενε.
1825 1150 1888 1200 Ant.

187 1210 407 1276 Παρθενοπαῖος
421 1209 531 1262 Oedc.
544 1212 618 1261 1317.
634 1212 715 1272 1390,
728 1210 757 1258 in
767 1213 864 1275 quarto
879 1204 1026 1272 Ἀντιγόνη
1056 1209 1131 1260 1083.
1143 1209 1171 1258 in
1184 1225 1266 1260 versu
1278 1213 1372 1277 spurio
1384 1209 1507 1266 άνόσιον.
1530 1214 1669 1266 Incertam
1683 1215 1837 1280 Ἐτεοκλέα,
1852 1217 1886 1267 de

187 1280 227 1329 ih.
240 1282 299 1330 311.
313 1281 370 1331 507.
394 1275 540 1343 Τειρεσίαν
557 1277 627 1330 Oed.
640 1279 674 1330 R.
688 1279 749 1328 985.
763 1279 821 1328 300.
851 1273 1027 1341 Ἀμφιάρεως
1055 1278 1134 1327 οαίαι
1146 1291 1274 1329 mensura
1289 1279 1369 1331 modo
1382 1279 1449 1334 dixi.
1473 1281 1619 1333 Trilrrachi
1630 1280 1658 1335 τί
1671 1297 1742 1336 ποτε
1761 1284 1887 1350 exempla

188 1345 399 1402 Οεά,0.1313.
429 1343 565 1410 Οἰχαλίαν
580 1345 680 1396 Trech.
697 1347 755 1396 354.
777 1345 806 1394 iu
825 1345 921 1408 quinto
939 1341 1027 1395 Ἀντι-
1055 1344 1177 1409 quinque
1198 1352 1262 1396 sunt
1278 1347 1321 1399 Ai.
1339 1349 1397 1398 341.
1420 1351 1493 1400 1356.
1523 1350 1590 1404 Oed.
1608 1352 1642 1402 R.
1661 1353 1734 1404 1073.
1762 1353 1812 1402 Ph.
1829 1355 1886 1404 740.

188 1412 264 1478 γόνη
281 1415 345 1466 Ant.
363 1417 403 1464 11.
438 1413 507 1466 Oed.
524 1413 554 1468 O.
574 1415 597 1462 1.
616 1415 688 1464 1415.
724 1409 1026 1475 tricentesimum.
1054 1413 1112 1464 714.
1140 1412 1309 1464 Tribrachne
1326 1429 1360 1464 ex
1377 1415 1567 1483 monosyllabo
1584 1433 1638 1469 uno
1655 1419 1887 1472 velduobusme-

189 1484 266 1536 1045.
303 1478 457 1547 Εὐρυδίκην
477 1482 549 1532 1130.
573 1476 708 1544 Οἰχαλίαν
726 1481 771 1530 Tr.
782 1477 856 1542 478.)
873 1478 1027 1543 Euripidae
1054 1478 1205 1543 nosyllabis
1242 1481 1391 1546 roximiqus
1408 1484 1537 1535 vocabuli
1557 1486 1638 1536 initio
1659 1487 1825 1551 compositus
1844 1492 1887 1538 est

188 1565 216 1614 p.
230 1551 287 1601 140.
303 1551 358 1600 141.
393 1550 435 1600 De
449 1549 513 1599 aliis
530 1548 674 1600 vocabulis
693 1553 874 1612 anapaestum
892 1545 1026 1612 praeben·
1053 1546 1097 1596 Ai.
1108 1548 1167 1600 467,
1182 1497 1252 1612 πρός
1268 1547 1356 1613 έρυμα
1366 1548 1486 1614 Τρώων.
1509 1552 1560 1604 Ph.
1572 1555 1630 1604 815.
1646 1550 1675 1604 τί
1687 1557 1887 1619 παραφρονεῖς.

188 1617 266 1668 tibus
280 1632 351 1682 qnae
370 1621 500 1683 quattuor
517 1617 559 1667 his
576 1615 680 1666 senarii
697 1614 815 1680 pedibus
832 1616 934 1680 passim
951 1614 1026 1664 illati
1053 1616 1111 1665 601.
1124 1611 1166 1675 τίς
1179 1613 1196 1665 ό
1208 1613 1305 1676 πόθος.
1329 1617 1409 1682 Αρυά
1419 1619 1579 1684 Euripidem
1591 1621 1793 1672 tribrachorurn
1805 1623 1887 1673 unius

189 1691 256 1734 sunt
276 1687 311 1737 ab
329 1685 450 1736 librariis
472 1699 527 1736 nou
544 1689 588 1734 est
604 1697 704 1749 operae
727 1682 845 1748 pretium
862 1681 944 1732 hodie
962 1681 1025 1745 dici,
1054 1682 1181 1732 vocabuli
1193 1683 1319 1748 exempla
1335 1685 1421 1736 multo
1436 1702 1517 1750 quam
1534 1688 1608 1752 apud
1622 1688 1786 1754 Aeschylum
1799 1694 1827 1740 et
1839 1691 1886 1742 So·

188 1767 275 1869 qryum
286 1752 360 1885 haegei
368 1752 543 1869 '³²³⁸.⁰{¹¹¹¹³⁸
561 1766 634 1802 nuuc
650 1749 699 1804 vel¹
713 1757 838 1800 correcta
855 1750 911 1801 sint
926 1749 973 1800 vel
986 1751 1025 1800 la·
1053 1748 1360 1882 ffislrlpllfflepllylrggtspnt,
1379 1767 1448 1871 οἳοῖ
1462 1754 1886 1874 651119ρῆΜιιαέίοταιαιρὲ44.·4ῗ.

188 1835 329 1872 crecorrr
392 1835 486 1871 ossrn.
857 1857 861 1868 .
1288 1835 1296 1868 ι
1331 1835 1400 1871 voca
1420 1835 1466 1871 αα
1514 1837 1545 1872 us
1579 1837 1640 1873 uem
1664 1839 1701 1873 rra
1742 1840 1761 1874 a
1780 1839 1862 1876 asun

243 1837 410 1939 Trihrachlirs
427 1888 482 1939 etsi
497 1887 525 1938 in
539 1887 659 1952 quinque
678 1886 773 1952 primis
791 1885 897 1936 senarii
908 1885 1026 1950 pedibus
1055 1882 1131 1934 velut
1143 1886 1188 1938 Tr.
1199 1887 1257 1938 614.
1274 1883 1408 1950 ἀγόμεθα.
1433 1837 1499 1939 Hei
1512 1837 1577 1944 498.1
1585 1840 1720 1953 όνόματιί.
1745 1862 1885 1957 AmbiguiJ

190 1954 281 2006 locum
295 1955 393 2020 habet,
410 1960 504 2006 tamen
516 1955 676 2020 plerumque
692 1968 764 2004 unus
778 1957 885 2004 tanturn
902 1953 948 2004 vel
961 1952 1025 2015 duo,
1052 1956 1084 2001 ut
1096 1953 1169 2017 apud
1182 1953 1347 2020 Aeschylum
1358 1961 1386 2006 et
1395 1955 1569 2022 Sophoclem,
1582 1957 1743 2023 Ἐτεοκλέης
1756 1965 1784 2009 et
1794 1957 1884 2010 Ἐτέο-

189 2025 282 2073 rariue
294 2029 350 2074 tree
362 2024 444 2074 unius
457 2037 554 2072 versus
570 2021 655 2074 iambi
672 2023 701 2071 in
718 2021 873 2072 tribrachos
889 2021 972 2072 soluti
984 2035 1025 2070 re·
1054 2019 1119 2080 κλος
1133 2021 1260 2086 exempla
1273 2022 1352 2086 plura
1365 2029 1441 2088 suut,
1455 2025 1613 2090 pariterque
1625 2041 1720 2076 monos
1741 2026 1884 2090 llaborum,

189 2092 336 2155 pariuntur
347 2093 376 2140 in
389 2090 531 2154 diverbiie,
544 2089 615 2155 quod
629 2089 757 2142 collectis
769 2087 908 2154 Aeschyli,
921 2087 1024 2153 Sopho·
1052 2093 1083 2137 ut
1093 2088 1152 2138 Ion.
1164 2091 1223 2141 944.
1235 2091 1294 2140 499.
1312 2087 1340 2140 τί
1353 2103 1433 2143 ποτε.
1458 2091 1558 2144 Βιιοοῖι.
1574 2095 1632 2143 194.
1644 2096 1702 2144 993.
1714 2043 1816 2155 geres.
1836 2093 1884 2144 Or.

189 2159 243 2209 clia
256 2163 285 2208 et
297 2159 344 2224 qni
356 2158 472 2224 pedibus
485 2158 582 2209 solutis
594 2155 680 2208 multo
697 2157 872 2222 frequentius
889 2169 970 2220 quam
982 2155 1024 2205 illi
1054 2157 1128 2206 1588.
1141 2153 1157 2206 ὁ
1170 2155 1278 2221 πατρὸς
1290 2155 1433 2223 ἀμύντωρ.
1455 2159 1515 2209 Ιοιι.
1525 2161 1574 2210 976
1588 2159 1625 2212 τά
1636 2159 1749 2213 δυνατά.
1767 2161 1812 2213 Or.
1825 2164 1883 2213 643.

187 2241 258 2276 usus
276 2231 318 2278 est
331 2225 472 2292 Euripidis
484 2225 616 2308 exemplis
634 2224 757 2276 ostendit
769 2223 919 2274 Muellerus
936 2239 961 2288 p.
976 2225 1022 2274 151
1052 2219 1069 2272 ἃ
1085 2221 1112 2272 δ’
1127 2221 1237 2288 ἔλαβες,
1259 2225 1305 2274 vel
1322 2227 1410 2278 tribue
1426 2227 1582 2292 vocabulis,
1606 2227 1702 2294 Suppl.
1721 2231 1778 2283 158,
1801 2228 1836 2280 τό
1853 2228 1884 2280 δὲ

188 2295 284 2344 -154,
318 2294 381 2346 Alia
394 2299 437 2345 eet
453 2294 526 2344 ratio
539 2297 724 2344 trimetrorurn
740 2293 768 2342 in
786 2291 952 2342 carminibus
968 2305 1023 2340 ure·
1052 2288 1149 2345 αλέον.
1185 2292 1288 2342 Phoen.
1304 2296 1364 2344 390.
1380 2292 1423 2356 τίς
1439 2293 1456 2346 ό
1473 2293 1587 2359 τρόπος.
1615 2302 1645 2346 et
1661 2311 1722 2348 cum
1743 2297 1884 2362 interpun-

189 2361 253 2411 lieie
266 2363 426 2426 positorum,
443 2362 471 2411 in
485 2361 583 2426 quihus
596 2361 727 2426 frequens
743 2364 786 2410 est
797 2357 933 2410 tribrachi
948 2372 1022 2420 usus,
1052 2358 1144 2409 ctione
1161 2364 1226 2423 post
1242 2360 1379 2424 syllabam
1403 2362 1518 2428 primam
1535 2365 1608 2414 1059.
1626 2361 1685 2424 δός·
1709 2362 1727 2415 ό
1745 2362 1770 2413 δ’
1785 2362 1883 2416 ἐπιών.

186 2430 294 2480 reluta
314 2429 349 2479 ud
360 2428 526 2494 Aeschylum
537 2429 687 2482 Promldt.
699 2429 788 2478 τεοῖσι
797 2423 859 2488 δίχα
870 2440 903 2489 γε
912 2424 1023 2486 Ares-c
1051 2426 1220 2478 'i'ribrachus
1242 2443 1276 2478 ex
1298 2427 1434 2493 disyllabo
1457 2435 1486 2480 et
1505 2430 1695 2495 monosyllabo
1717 2431 1885 2497 compositus

186 2495 214 2548 δ’
226 2446 367 2558 ἐπικότως
379 2493 430 2548 άεί.
441 2515 476 2540 =
489 2497 544 2547 181.
558 2493 625 2559 ἐμάς
642 2493 673 2547 δέ
688 2508 710 2558 φ
730 2494 793 2555 ένας
808 2492 915 2559 ἐρέθισε
932 2491 1023 2545 διάτο·
1051 2493 1155 2558 legitur
1170 2495 1275 2545 Phoen.
1287 2497 1346 2546 401.
1362 2495 1433 2549 ποτέ
1450 2495 1502 2560 μέν
1514 2495 1561 2550 ἐπ’
1571 2495 1654 2564 ἦμαρ.
1673 2503 1702 2550 αῖ
1714 2499 1812 2565 fragm.
1824 2501 1883 2564 644,

186 2577 237 2628 ρος
250 2563 346 2629 φόβος.
368 2563 463 2630 Suppl.
479 2567 536 2616 lli.
553 2564 669 2614 τοιαθτα
682 2508 774 2614 πείθεο
787 2559 873 2625 μέλεα
884 2559 1024 2626 θρεομένα
1053 2564 1076 2613 1.
1090 2561 1159 2626 βαρὺ
1170 2561 1205 2612 τό
1218 2560 1391 2627 φρόνημ“-.

185 2631 213 2681 δ’
229 2630 296 2696 ἐγώ.
314 2653 347 2674 ==
364 2633 440 2694 θεοῖς
458 2629 483 2682 δ’
500 2629 603 2694 ἐναγέα
624 2628 709 2682 τέλεα
729 2627 898 2693 πελομένων
920 2628 1022 2694 καλῶς,
1101 2627 1135 2679 Iu
1152 2629 1265 2694 reliquis
1282 2632 1384 2682 senarii
1401 2632 1531 2698 pedibus,
1553 2639 1668 2700 excepto
1686 2634 1734 2700 qui
1750 2634 1820 2685 solvi
1838 2650 1884 2686 ne·

185 2699 237 2750 uhi
251 2701 374 2764 sequitur
386 2699 502 2750 dimeter
515 2699 610 2751 eodem
623 2698 701 2754 niodo
712 2697 893 2763 compositus,
910 2698 940 2746 in
952 2702 1022 2747 stro·
1052 2697 1114 2761 quit
1126 2703 1213 2762 sexto,
1226 2699 1328 2763 tragici
1340 2707 1471 2752 curarunt
1479 2706 1511 2752 ut
1520 2703 1603 2766 ictus,
1613 2709 1744 2768 quantum
1752 2701 1813 2752 lieri
1822 2717 1884 2767 pos·

208 2768 245 2817 ha
262 2766 339 2829 λιγέα
351 2765 438 2832 βαρέα
453 2765 647 2832 δακρυοπετῆ,
666 2767 695 2816 in
708 2765 883 2831 antmtropha
895 2762 1024 2830 ἐπίδρομ’
1050 2769 1106 2827 set,
1124 2765 1153 2814 iu
1170 2765 1299 2831 primam,
1321 2781 1376 2818 aon
1393 2769 1422 2818 in
1439 2768 1589 2820 eecrmdam
1607 2770 1742 2833 syllabam
1760 2770 1883 2824 caderet.

186 2783 274 2887 όπόθι
285 2833 407 2896 θάνατος
419 2833 486 2900 deq.
1051 2832 1097 2883 Sic
1109 2832 1138 2882 in
1151 2833 1220 2898 pede
1233 2833 1355 2885 secundo
1366 2835 1522 2889 Fremitu
1536 2835 1645 2890 οῖκοθσι
1657 2835 1789 2901 Χάλυβες.
1807 2837 1883 2903 Sept.

240 2905 272 2954 ln
283 2905 370 2969 pslma
380 2902 483 2954 senarii
492 2901 557 2954 sede
565 2899 764 2968 Aeschylus(ut
774 2897 1023 2954 observavitMuel-
1049 2902 1108 2953 593.
1126 2899 1240 2962 βαθεῖαν
1255 2899 1354 2954 ἄλοκα.
1388 2905 1464 2954 Pers.
1483 2907 1542 2956 318.
1565 2905 1611 2956 καί
1628 2904 1729 2968 Μάγον
1751 2903 1882 2968 Ἄραβος.

186 2971 264 3022 ierus
278 2987 303 3035 p.
314 2972 375 3036 15),
388 2971 413 3022 si
426 2970 536 3036 quando
549 2970 715 3020 tribrachum
728 2969 850 3036 admisit,
864 2969 936 3018 hanc
946 2983 1022 3019 secu·
1049 2968 1107 3018 463.
1120 2965 1242 3034 παίουσι,
1255 2973 1453 3032 κρεοκοποθσι.
1473 2973 1531 3026 475.
1544 2969 1594 3034 οὓς
1605 2970 1713 3037 πρόσθε
1725 2971 1881 3037 Μαραθών.

185 3044 289 3088 tuaest
302 3039 390 3104 legem
408 3045 439 3090 ut
457 3053 490 3089 ex
507 3053 561 3088 uno
579 3053 640 3088 eum
655 3036 791 3088 vocabulo
807 3036 852 3087 vel
867 3035 1023 3100 trisyllaba,
1050 3035 1171 3101 Ghoeph.
1184 3039 1241 3088 938.
1255 3035 1279 3087 ὼ
1291 3037 1418 3102 τερπνὸν
1430 3036 1529 3102 όνομα.
1553 3041 1664 3106 Fragm.
1677 3043 1735 3091 943.
1749 3039 1884 3104 Σπερχειὲ

184 3113 219 3156 ιιι
232 3106 347 3172 triginta
360 3106 390 3156 in
401 3105 477 3168 locis,
495 3105 540 3156 vel
552 3106 614 3171 plus
627 3119 707 3170 quam
718 3103 872 3168 trisyllaba,¹
884 3118 1022 3168 nunquam
1049 3101 1199 3166 cascum
1213 3109 1241 3154 ct
1253 3105 1295 3156 sic
1307 3121 1391 3171 saepe
1402 3107 1553 3172 Sophocles
1566 3122 1673 3173 quoque
1686 3115 1714 3160 et
1724 3107 1881 3174 Euripides,

186 3189 221 3224 cx
235 3174 340 3226 duobus
352 3175 475 3226 tribusve
488 3173 635 3225 vocabulis
652 3172 789 3223 formaret.
819 3172 1021 3224 Vocabulorum
1050 3187 1164 3236 quorum
1176 3172 1339 3238 exemplar.
1353 3189 1398 3238 ap.
1410 3174 1569 3228 Muellerum
1581 3191 1607 3241 p.
1617 3179 1658 3227 33.
1670 3177 1712 3226 58.
1737 3175 1883 3226 Τιῖίιτοαῖιί

185 3239 414 3305 πολυσυλλάβων
431 3246 562 3308 quattuor
579 3241 754 3306 reperiuntur
771 3239 912 3306 exempla,
930 3240 1021 3292 Prom.
1050 3255 1083 3290 ex
1094 3254 1149 3292 uuo
1161 3241 1297 3291 vocabulo
1311 3240 1422 3292 formati
1439 3241 1492 3292 due
1505 3247 1611 3293 tantum
1628 3242 1702 3308 apud
1714 3241 1882 3306 Aeschylum

187 3311 247 3360 116.
260 3308 403 3370 θεόσυτος.
433 3309 510 3374 Sept.
524 3309 583 3358 979.
600 3306 785 3371 πεδιονόμοις.
814 3307 892 3358 Eum.
907 3308 965 3358 806.
981 3306 1022 3358 λι·
1049 3311 1121 3371 eunt,
1141 3307 1235 3372 Agam.
1249 3309 1322 3360 1590.
1335 3307 1519 3373 sarmitum
1531 3308 1608 3362 δέ-.
1630 3310 1753 3376 Ghoeph.
1764 3312 1786 3362 1.
1799 3309 1881 3374 Ἑρμῆ

185 3375 414 3442 παροθρόνοισιν.
442 3377 551 3442 Fregm.
566 3378 628 3438 195,
640 3379 664 3426 9.
682 3373 830 3439 Βορεάδας.
859 3375 1022 3440 Ambiguum
1049 3373 1157 3438 χθόνιε,
1175 3374 1281 3441 duoque
1300 3375 1374 3441 apud
1386 3375 1551 3443 Sophoclem
1568 3379 1618 3432 Ph.
1633 3381 1708 3429 1935.
1722 3377 1793 3442 πρός
1805 3379 1881 3430 θεῶν

185 3453 232 3497 est
244 3442 405 3508 Ἐτεοκλέης
418 3449 447 3496 et
460 3441 621 3506 Ἐτεοκλέα,
640 3443 713 3508 quod
726 3444 755 3492 in
767 3443 844 3508 Sept.
857 3444 881 3494 6.
895 3445 935 3494 39.
949 3445 1022 3494 1007.
1049 3440 1157 3506 πότερα
1169 3441 1249 3506 δὴ-.
1275 3445 1347 3494 1314.
1360 3443 1453 3510 ἣσθην
1463 3443 1572 3510 πατέρα
1584 3445 1637 3498 τάν
1649 3443 1774 3509 άμάν-.
1800 3445 1881 3516 (Nem

186 3513 304 3578 legitur,
316 3514 364 3563 ubi
376 3512 511 3578 producta
521 3510 631 3576 syllaba
641 3512 724 3560 tertie
734 3511 908 3576 pronuntiari
920 3514 1022 3576 potest.
1050 3510 1134 3562 verba
1151 3509 1208 3562 ὑπὸ
1225 3511 1277 3562 τοῦ
1294 3509 1393 3573 δέατος
1411 3511 1508 3578 fragm.
1526 3516 1584 3568 305,
1608 3530 1642 3564 ex
1662 3528 1745 3566 versu
1762 3527 1883 3579 anapae-

185 3579 300 3630 eertum
316 3595 383 3631 vero
402 3584 446 3631 est
457 3579 623 3643 Aeschylum
639 3578 728 3629 Prom.
740 3580 798 3631 816.
821 3593 874 3628 uon
891 3575 1020 3629 ἐπαναδί·
1050 3578 1120 3629 stieo
1138 3581 1228 3630 sumta
1245 3592 1306 3629 ease
1323 3578 1466 3644 videntur,
1489 3597 1570 3647 quum
1587 3597 1641 3631 non
1663 3585 1798 3647 appareat
1815 3581 1881 3645 quid

184 3647 275 3700 πλῖιΖε
292 3648 449 3713 scripsisse,
467 3647 539 3712 quod
557 3648 586 3696 in
598 3645 691 3697 codice
709 3644 825 3710 legitur,
843 3645 892 3696 sed
909 3643 1022 3716 ἐπανδί·
1049 3645 1213 3712 Sophoclem
1224 3661 1334 3698 movere
1342 3633 1470 3765 potuerit
1482 3655 1512 3698 nt
1525 3649 1553 3698 in
1565 3648 1683 3699 iambico
1695 3646 1795 3708 δέατος
1808 3647 1882 3698 dice-

184 3715 290 3779 πλαζε,
308 3714 381 3780 quod
398 3730 450 3781 ego
467 3715 583 3766 restitui.
611 3714 680 3764 Nam
698 3711 775 3764 nulla
792 3713 926 3763 inhaere
940 3713 1021 3764 libro·
1049 3718 1092 3763 ret
1103 3729 1152 3780 pro
1165 3728 1232 3779 puro
1242 3714 1333 3766 iambo
1360 3712 1445 3776 έους.)
1467 3717 1524 3768 Nec
1534 3715 1702 3780 multaapud
1711 3715 1881 3780 Euripidem,

185 3809 338 3820 —--—
1050 3785 1081 3832 ut
1093 3781 1165 3834 Med.
1179 3784 1236 3834 375.
1249 3779 1330 3844 θήσω
1343 3781 1453 3847 πατέρα
1462 3797 1495 3834 τε
1507 3782 1600 3834 καῖ-.
1619 3783 1777 3849 pariterque
1790 3783 1819 3832 in
1828 3795 1880 3834 ιτα-

185 3849 318 3902 dnctione
336 3848 553 3913 Ἱππομέδοντος
575 3853 603 3900 et
620 3845 838 3912 Παρθενοπαίου
861 3849 972 3899 uomina
992 3849 1021 3900 in
1049 3847 1117 3913 τέρα
1129 3849 1172 3902 ΕΙ.
1190 3852 1249 3903 970.
1266 3851 1323 3901 Ιοιι.
1337 3851 1395 3902 968.
1412 3849 1441 3900 in
1458 3848 1569 3913 μιγάσιν
1585 3851 1686 3904 Bacch.
1701 3851 1741 3904 13.
1763 3849 1881 3914 βότρυος

184 3919 321 3970 trimetris
333 3934 394 3970 cum
404 3921 558 3984 anapaesto
570 3931 673 3982 ponere
683 3916 782 3968 maluit
792 3915 942 3982 Sophoclea
952 3915 1020 3967 Oed.
1049 3916 1085 3966 ih.
1107 3919 1167 3968 961.
1191 3924 1219 3969 et
1241 3932 1310 3983 quae
1332 3922 1398 3968 aunt
1418 3918 1469 3968 reli
1489 3933 1525 3968 ue
1545 3919 1580 3969 ab
1603 3919 1736 3970 Muellero
1757 3917 1881 3968 indicata

184 3986 247 4040 Col.
261 3989 333 4038 1317.
350 3989 423 4037 1390.
440 3993 471 4036 ut
484 3984 629 4050 Euripides
642 3999 751 4049 quoque
765 3985 834 4034 iecit
847 3985 876 4034 in
888 3984 1020 4036 Phoenis·
1049 4000 1074 4050 p.
1086 3982 1173 4050 48.''⁸)
1209 3987 1240 4036 Iu
1259 3999 1327 4037 vocs
1346 3935 1554 4050 qrrrdrieyilaba
1572 4002 1668 4038 arseos
1685 3985 1791 4037 solutae
1803 3985 1881 4036 nulla

187 4055 228 4104 eie
243 4054 297 4104 196.
312 4055 543 4105 triumuiros.
573 4051 627 4102 Sed
638 4053 667 4102 in
681 4052 738 4116 Sup
758 4052 776 4103 l.
788 4053 846 4103 889.
864 4052 912 4102 ubi
925 4053 1020 4117 inepte
1048 4051 1122 4118 apud
1133 4052 1312 4116 Aeschylum,
1330 4067 1421 4119 pauca
1438 4054 1512 4118 apud
1530 4053 1694 4120 Sophoclem
1712 4058 1776 4104 suut
1792 4067 1881 4103 erear-

184 4121 289 4187 legitur
300 4119 317 4171 ό
328 4122 380 4186 τῆς
389 4122 512 4183 κυναγοθ
523 4119 547 4172 δ’
556 4117 641 4180 άλλος
651 4069 825 4184 Ἀταλόντης
834 4116 920 4182 γόνος
936 4117 940 4183 Ι
955 4122 1020 4180 παῖς
1047 4119 1103 4184 pla,
1122 4119 1186 4170 Ant.
1199 4123 1258 4171 490.
1269 4119 1338 4183 ὕλης
1350 4120 1489 4182 πεδιάδος.
1513 4122 1614 4172 Ττααίι.
1627 4123 1686 4173 878.
1698 4119 1807 4172 τάλαιν’
1819 4119 1880 4172 όλε-

182 4187 415 4253 Παρθενοπαῖος,
434 4187 510 4250 εῖδος
523 4185 713 4250 ἐξοχώτατος,
727 4201 782 4252 qua
795 4187 934 4252 scriptura
946 4186 977 4236 lit
989 4191 1020 4237 ut
1046 4184 1117 4251 θρία.
1142 4190 1200 4240 917.
1213 4186 1293 4249 όπως
1304 4187 1330 4238 δ’
1340 4187 1479 4240 ἐτέλεσεν.
1503 4189 1552 4240 Ρῖι.
1568 4191 1640 4239 1996.
1656 4187 1693 4252 ἣν
1708 4187 1754 4240 ool
1766 4185 1879 4250 πιθόμε·

182 4257 414 4322 Parthenopaeus
431 4271 485 4308 nou
503 4257 558 4322 vir,
577 4255 624 4306 sed
636 4270 704 4321 puer
721 4269 783 4305 esse
796 4253 937 4320 videatur,
954 4257 1020 4316 παῖς
1046 4268 1103 4316 νος.
1129 4257 1203 4308 1393.
1220 4257 1331 4318 στυγεῖς
1343 4253 1485 4320 πολέμιον.
1511 4252 1881 4318 Οαά.0.1995,άνθ’ὡνμ’

184 4323 334 4376 delendum
350 4328 380 4375 et
390 4321 606 4388 Παρθενοπαῖος
622 4321 753 4388 Aeschyli
771 4322 894 4387 exemplo
911 4321 1019 4386 syllaba
1046 4319 1201 4386 Ἐτεοκλής.
1230 4328 1258 4373 et
1275 4323 1506 4390 quinqueeyllaba
1523 4325 1620 4390 fragm.
1640 4325 1696 4374 161.
1718 4319 1758 4385 ὡς
1775 4321 1880 4388 ναοφύ-

183 4390 307 4443 secunde
328 4390 462 4457 producta
479 4391 583 4442 dictum
600 4390 717 4440 videtur.
753 4389 883 4441 Ceterum
900 4390 1019 4442 Priscia—
1046 4391 1140 4452 λακες.
1652 4449 1657 4458 ,

183 4475 260 4524 num,
273 4459 319 4524 qni
332 4458 486 4511 huiusmodi
498 4473 595 4510 versus
606 4457 641 4508 ab
655 4457 785 4508 trochaeo
797 4458 918 4523 incipere
932 4459 1018 4509 credi·
1095 4458 1241 4509 Trihrachi
1261 4459 1290 4508 in
1311 4458 1381 4524 pede
1404 4459 1523 4510 secundo
1544 4463 1652 4524 tempus
1672 4457 1788 4523 primum
1811 4474 1879 4510 voce

184 4527 239 4589 dit,
252 4528 276 4577 ei
288 4527 340 4578 hoc
352 4526 443 4578 dicere
452 4527 552 4590 voluit,
565 4526 752 4576 choriambum
765 4540 813 4590 pro
827 4525 939 4591 dipodia
951 4527 1018 4576 iam·
1045 4524 1235 4592 monosyllaba
1248 4526 1375 4577 effectum
1388 4541 1450 4578 raro
1463 4527 1538 4592 apud
1550 4524 1714 4590 Aeschylum
1729 4527 1879 4591 iuvenitur,

183 4595 250 4646 bica
262 4597 381 4660 positum
394 4609 469 4658 esee,
483 4609 536 4659 quo
548 4607 676 4645 uumerus
689 4596 836 4656 evertitur,
850 4595 944 4660 inepte
957 4609 1019 4645 esse
1045 4601 1074 4646 ut
1092 4594 1167 4649 Pers.
1185 4597 1244 4646 405.
1266 4592 1355 4658 θήκας
1371 4607 1403 4645 τε
1420 4593 1582 4660 προγόνων.
1606 4593 1674 4656 (778.
1690 4607 1773 4644 versu
1786 4594 1880 4659 spurio

184 4663 310 4713 locutum
331 4669 407 4713 reete
427 4662 533 4714 monuit
553 4661 722 4713 Ritecheliue
742 4661 771 4710 in
792 4661 895 4726 Opuec.
920 4661 972 4712 rol.
996 4663 1019 4714 1.
1044 4659 1125 4724 ἐκτος
1146 4659 1177 4712 δέ
1196 4659 1348 4730 Μάραφις).
1384 4661 1505 4729 Choeph.
1523 4665 1548 4714 6.
1565 4658 1646 4726 φέρω
1664 4659 1694 4711 δέ
1712 4659 1754 4725 (δέ
1771 4661 1879 4714 addidit

183 4748 210 4797 p.
224 4733 284 4784 314.
297 4731 355 4785 369.
391 4731 452 4781 lion
464 4727 644 4780 intellexerat
662 4729 734 4779 enim
751 4729 912 4780 Priscianus
929 4727 1019 4782 huius·
1048 4729 1216 4793 Erfurdlius)
1234 4729 1389 4793 πλόκαμον.
1414 4731 1524 4796 Fragm.
1538 4731 1595 4782 305.
1612 4727 1715 4792 χλιδῶν
1726 4742 1759 4780 τε
1772 4727 1878 4780 πλάκα-

183 4797 300 4848 modiin
312 4797 468 4849 nominibus
481 4797 617 4862 syllabam
633 4795 783 4847 secundam
800 4797 914 4862 produci
932 4796 1020 4865 dupli·

183 4871 251 4916 cata
263 4865 336 4916 iuter
351 4865 584 4930 pronuntiandum
601 4865 725 4929 proxima
741 4863 822 4915 litera
840 4871 1018 4928 consonante,
1095 4863 1120 4928 ¹)
1133 4864 1223 4916 Omisi
1235 4865 1310 4917 Pers.
1320 4869 1379 4918 691.
1390 4865 1514 4930 Δαρεῖον
1525 4863 1721 4929 ἀνακαλεῖσθε,
1733 4865 1781 4917 ubi
1793 4863 1878 4928 άγκα·

184 4931 434 4998 Ἱππομμέόοντος,
447 4931 695 4998 Παρθεννοπαῖος,
710 4928 934 4996 Ἀλφεσοίβοιαν,
947 4931 1019 4996 quod
1045 4933 1139 4985 λεῑσθε
1152 4933 1277 4997 restitui,
1295 4938 1325 4984 et
1337 4934 1410 5052 Sept.
1422 4935 1481 4988 968.
1495 4931 1655 4994 ὀλολυγμὸν
1667 4931 1752 4998 ῖερόν.
1782 4933 1878 5000 θαρρῖ.

183 5015 242 5051 non
259 5001 370 5053 maioris
387 5001 441 5052 fuit
458 5001 592 5051 audaciae
610 5014 692 5065 quarn
708 4999 781 5064 quod
799 4999 935 5050 Homerus
952 4997 1021 5063 όφιν
1045 5003 1103 5051 948.
1115 5001 1132 5064 ἢ
1144 5000 1234 5066 τηρόν
1246 4998 1336 5065 ίεροο,
1353 5017 1371 5052 α
1392 4998 1476 5066 ἰίρόν
1489 5007 1517 5052 et
1530 4998 1590 5066 ίροθ
1602 5001 1715 5066 scripsi,
1736 5006 1764 5052 et
1781 5001 1878 5066 fra'gm.

181 5074 216 5119 ut
230 5066 319 5132 όπφιν
335 5069 525 5134 pronuntiavit
542 5069 571 5118 in
587 5067 641 5118 line
658 5067 811 5118 hexametri
826 5064 925 5120 αἴολον
941 5065 1018 5130 όφιν,
1046 5070 1103 5120 396.
1116 5069 1164 5119 ubi
1177 5084 1226 5135 pro
1239 5066 1349 5186 Sospes
1365 5068 1392 5121 θ’
1404 5065 1482 5134 ίεράν
1495 5068 1650 5120 Mainelrius
1666 5073 1741 5119 recte
1755 5069 1879 5119 restituit

184 5142 215 5187 et
240 5136 393 5202 Aeschylus
416 5137 476 5202 ipse
500 5133 687 5200 φαιοχίτωνες
710 5141 742 5186 ut
762 5131 969 5199 φαιοκχίτωνες
991 5137 1019 5184 in
1047 5135 1156 5200 Βοῦραν
1169 5135 1231 5188 καθ’
1243 5134 1285 5199 ῖερ
1306 5151 1335 5200 ν,
1353 5137 1408 5188 niei
1421 5137 1494 5202 quod
1510 5137 1556 5188 hic
1568 5151 1676 5202 quoque
1694 5133 1757 5201 ίράν
1768 5135 1878 5203 praeie-

184 5204 310 5269 Choeph.
322 5207 394 5255 1049.
406 5201 594 5268 φαιοχίτωνες
603 5202 649 5254 καῖ
658 5200 932 5268 πεπλεκτανημέναι,
946 5202 1019 5267 (μισεῖ
1046 5203 1160 5254 randum
1178 5209 1250 5254 erat:
1274 5203 1309 5254 de
1326 5219 1380 5269 qua
1398 5204 1485 5254 forma
1503 5200 1560 5254 dixi
1573 5207 1602 5255 in
1613 5204 1710 5255 Praei.
1727 5205 1763 5254 ad
1776 5204 1879 5269 Sopho·

184 5272 349 5324 observavit
368 5272 471 5323 Taetaa
491 5274 520 5321 in
540 5271 664 5321 Crameri
684 5270 788 5322 Anecd.
810 5271 897 5322 Oxon.
920 5270 973 5322 vol.
994 5274 1019 5322 3.
1047 5270 1151 5338 clis2ed.
1166 5273 1246 5336 Lips.
1259 5278 1384 5337 quartam
1403 5271 1439 5335 (a.
1452 5270 1539 5337 1863.)
1557 5287 1582 5336 ρ.
1596 5271 1719 5323 XXXIV.
1755 5272 1832 5322 Idem
1844 5270 1879 5321 de

184 5355 212 5406 p.
231 5342 291 5394 358.
326 5339 482 5391 Mirabilius
499 5345 542 5390 est
560 5337 620 5391 εῖεν
637 5335 733 5390 trouu
754 5339 783 5388 in
804 5337 901 5390 eodem
923 5337 1019 5390 fabula
1045 5338 1206 5404 Sophocleis
1219 5344 1247 5390 et
1260 5339 1418 5406 Euripideis
1429 5339 1554 5390 ποιεῖθαι
1564 5339 1665 5390 dictum
1675 5338 1737 5389 volo
1747 5339 1794 5389 uhi
1804 5336 1879 5403 ῖερός

182 5421 212 5460 r.
224 5409 284 5458 657.
297 5413 327 5458 et
336 5407 411 5474 apud
424 5407 635 5472 Aristophanem
647 5407 713 5461 Pac.
727 5421 753 5458 ν.
767 5408 824 5458 663.
837 5406 866 5456 in
879 5407 959 5457 initio
971 5407 1019 5457 tri·
1047 5406 1174 5458 similiter
1190 5407 1219 5456 in
1232 5409 1355 5458 trimetro
1370 5406 1535 5458 collocatum
1549 5412 1592 5458 eet
1606 5406 1714 5472 syllaba
1727 5405 1815 5471 prima
1827 5406 1879 5458 sub

185 5475 270 5526 metri
282 5476 415 5541 positum,
433 5475 563 5538 formula,
581 5474 748 5536 utvidetur,
765 5475 794 5524 in
807 5475 867 5525 vita
884 5475 1019 5526 communi
1046 5477 1131 5526 ictum
1149 5475 1279 5539 cedente,
1295 5480 1327 5525 nt
1344 5473 1412 5525 Oed.
1425 5473 1456 5526 C.
1474 5476 1516 5530 16.
1533 5477 1625 5540 χιῖιρος
1640 5471 1667 5525 δ’
1682 5471 1725 5524 ὅδ’
1736 5469 1804 5537 Ιρός.

183 5543 305 5605 usitata,
326 5541 399 5610 qnod
418 5543 582 5609 ignorarunt
598 5541 705 5593 librarii
726 5545 772 5606 qui
794 5539 854 5592 εῖέν
874 5540 901 5605 γ’
921 5539 1018 5594 άκοιίω
1096 5540 1136 5604 ”t
1155 5542 1234 5606 Quod
1248 5542 1348 5592 Bacch.
1360 5543 1418 5596 369.
1430 5541 1534 5608 legitur
1545 5543 1647 5606 λευκῆς
1658 5538 1752 5604 χιόνος
1761 5539 1879 5592 ἀνεῖσαν

182 5609 259 5676 apud
275 5611 486 5679 Aristophanem
508 5612 693 5675 scripserunt,
714 5615 746 5662 ut
768 5608 871 5675 legitur
890 5610 920 5659 in
939 5609 1020 5663 libris
1048 5609 1195 5676 Euripides
1211 5609 1382 5661 hauddubie
1400 5612 1553 5676 scripserat
1569 5610 1672 5676 λευκῆς
1687 5606 1806 5660 άνεῖσαν
1822 5607 1879 5672 χιό-

184 5678 382 5731 deterioribus.
1046 5689 1110 5744 νος,
1126 5682 1158 5729 αῖ
1170 5678 1276 5730 monuit
1291 5679 1325 5730 Ι..
1338 5677 1496 5730 Dindorlius
1512 5679 1541 5730 in
1553 5679 1635 5731 Thes.
1653 5677 1706 5734 vol.
1719 5681 1744 5731 3.
1762 5693 1789 5744 ρ.
1802 5677 1878 5728 9178.

268 5777 483 5817 rsonaaorrssa
1605 5762 1624 5820 ὃ
