4402 6610
692 493 989 562 υΟοΟἰκλσοκυ
1013 510 1229 561 οιοιποτε
1247 509 1493 561 τνΡιηηοΣ.
1667 483 1671 500 “
1901 504 1943 568 33

247 661 311 739 ὀψέ
334 682 413 724 ποτε
434 664 531 724 τοῖιδε
552 664 611 723 τοῦ
635 660 796 738 ὀνόματος
820 661 865 738 είς
887 662 965 738 τοὺς
981 662 1142 738 Ἕλληνας
1159 660 1377 737 διαδοθέντος,
1400 659 1478 722 κατὰ
1493 660 1571 736 τοὺς
1588 658 1774 738 Ἀρχιλόχου
1789 658 1942 737 χρόνους,

148 847 152 852 ¹
246 763 388 840 καθάπερ
413 761 534 839 Ἱππίας
569 761 588 824 ό
622 762 785 842 σοφιστής
813 777 924 841 φησιν.
974 761 1117 839 Ὅμηρος
1144 764 1225 836 γοῦν
1254 761 1312 824 τὸν
1345 759 1478 825 πάντων
1501 761 1785 838 παρανομώτατον
1808 760 1943 839 Ἔχετον

245 863 380 940 βασιλέα
401 863 497 943 φησὶ,
520 864 570 926 καῖ
593 861 632 925 Οὐ
647 863 823 941 τύραννον·
847 861 993 946 (Ὀδυσσ.
1019 861 1068 937 18,
1091 853 1155 943 85.)

598 963 643 1041 εἰς
666 965 801 1042 Ἔχετον
825 966 977 1044 βασιλῆα,
1002 966 1127 1042 βροτῶν
1150 964 1313 1041 δηλήμονα
1334 963 1477 1028 πάντων,

244 1069 544 1145 προσαγορευθῆναι
572 1067 607 1128 δέ
630 1081 712 1144 φασι
741 1067 798 1129 τόν
820 1065 982 1142 τύραννον
1005 1063 1070 1128 ἀπὸ
1098 1067 1164 1128 τῶν
1187 1064 1376 1143 Τυρρηνῶν·
1410 1065 1573 1144 χαλεποὺς
1595 1065 1657 1142 γάρ
1679 1085 1769 1142 τινας
1792 1066 1864 1142 περὶ
1888 1067 1941 1149 λῃ-

245 1168 354 1231 στείαν
377 1167 515 1244 τούτους
535 1167 693 1243 γενέσθαι.
739 1167 787 1230 ὅτι
809 1167 844 1230 δέ
867 1166 1029 1244 νεώτερον
1056 1165 1174 1229 τὸτοῦ
1197 1166 1358 1244 τυράννου
1382 1165 1485 1245 ὄνομα
1508 1168 1617 1242 δῆλον.
1662 1165 1821 1244 οὔτεγὰρ
1844 1167 1941 1245 Ὅμη-

245 1288 304 1346 ρος
332 1269 406 1333 οὔτε
428 1269 581 1345 Ἠσίοδος
610 1267 684 1331 οὔτε
712 1267 813 1344 ἄλλος
841 1267 947 1344 οὐδεὶς
976 1273 1042 1330 τῶν
1070 1269 1217 1331 παλαιῶν
1241 1268 1402 1346 τύραννον
1432 1267 1468 1331 ἐν
1490 1269 1559 1344 τοῖς
1583 1268 1757 1345 ποιήμασιν
1781 1263 1962 1346 ὀνομάζει.Ι

244 1369 263 1432 ὁ
286 1370 321 1432 δὲ
344 1370 566 1449 Ἀριστοτέλης
590 1370 625 1434 ἐν
650 1370 796 1448 Κυμαίων
819 1369 964 1451 πολιτείᾳ
986 1369 1064 1444 τοὺς
1086 1368 1267 1446 τυράννους
1291 1370 1372 1448 φησὶ
1394 1371 1432 1432 τὸ
1448 1368 1609 1447 πρότερον
1625 1367 1821 1447 αἰσυμνήτας
1837 1386 1941 1448 προσ-

244 1472 464 1549 ἀγορεύεσθαι.
509 1471 730 1551 εὐφημότερον
753 1475 815 1551 γὰρ
838 1471 941 1535 ἐκεῖνο
963 1469 1117 1546 τοῦνομα,

943 1655 1241 1730 ΑΛΛΩΣ.

327 1810 363 1874 Ὀ
384 1811 551 1889 Τύραννος
573 1809 726 1888 Οἰδίπους
749 1811 833 1888 πρὸς
857 1809 1103 1889 ἀντιδιαστολὴν
1125 1813 1184 1872 τοῦ
1207 1808 1243 1872 ἐν
1265 1813 1311 1890 τῷ
1336 1809 1478 1892 Κολωνῷ
1501 1808 1736 1886 ἐπιγέγραπται.
1782 1809 1820 1873 τό
1842 1810 1941 1889 κεφά-

242 1913 335 1975 λαιον
358 1913 393 1974 δὲ
414 1917 474 1975 τοῦ
497 1913 659 1992 δράματος
681 1915 805 1988 γνῶσις
828 1917 894 1975 τῶν
918 1911 1006 1975 ἰδίων
1029 1915 1135 1974 κακῶν
1159 1909 1343 1988 Οἰδίποδος,
1367 1909 1515 1988 πήρωσίς
1537 1930 1571 1972 τε
1592 1913 1658 1974 τῶν
1679 1908 1867 1992 ὀφθαλμῶν,
1891 1912 1941 1974 καί

241 2013 287 2074 δι’
309 2011 451 2092 ἀγχόνης
474 2014 615 2090 θάνατος
639 2012 810 2090 Ἰοκάστης,

563 2351 813 2474 ΧΡΗΣΜΟΣ
841 2351 873 2427 O
901 2350 1092 2426 ΔΟΘΕΙΣ
1119 2350 1265 2424 ΛΑΙΩι
1292 2353 1378 2424 ΤΩι
1404 2351 1627 2425 ΘΗΒΑΙΩι.

595 2557 671 2621 Λάῖε
694 2555 887 2636 Λαβδακίδη,
910 2556 1035 2619 παίδων
1058 2555 1157 2631 γένος
1178 2553 1289 2634 ὄλβιον
1313 2554 1418 2631 αἰτεῖς.

594 2657 694 2721 δώσω
716 2676 765 2720 τοι
787 2657 884 2736 φίλον
908 2655 992 2720 υἱόν·
1024 2657 1104 2734 ἀτὰρ
1126 2657 1341 2735 πεπρωμένον
1365 2655 1434 2719 ἐστὶ

595 2762 659 2822 σοῦ
682 2761 798 2835 παιδὸς
820 2758 964 2837 χείρεσσι
987 2759 1090 2820 λιπεῖν
1113 2757 1216 2836 φάος·
1261 2757 1307 2834 ὣς
1331 2757 1393 2836 γὰρ
1416 2756 1531 2820 ἔνευσε

593 2859 677 2936 Ζεὺς
702 2859 872 2938 Κρονίδης,
894 2859 1050 2936 Πέλοπος
1074 2861 1245 2936 στυγεραίς
1268 2856 1377 2935 ἀραῖσι
1399 2857 1550 2936 πιθήσας,

594 2959 632 3024 οὗ
656 2961 753 3040 φίλον
777 2959 927 3038 ἥρπασας
950 2959 1034 3023 υἱόν·
1059 2961 1077 3022 δ
1101 2961 1129 3022 δ’
1150 2958 1267 3038 ηὔξατό
1291 2975 1345 3023 σοι
1368 2959 1442 3023 τάδε
1466 2959 1582 3023 πάντα.

990 3183 1036 3190 ...η-
1049 3181 1190 3189 ...Η-

732 3349 801 3425 ΤΟ
829 3343 1048 3426 ΑΙΝΙΓΜΑ
1075 3349 1182 3422 ΤΗΣ
1209 3347 1446 3422 ΣΦΙΓΓΟΣ.

593 3521 686 3583 Ἔστι
707 3520 824 3583 δίπουν
848 3520 898 3582 ἐπί
920 3525 980 3600 γῆς
1002 3520 1052 3584 καὶ
1074 3519 1253 3597 τετράπον,
1276 3517 1315 3582 Οὗ
1338 3519 1391 3596 μία
1414 3519 1520 3597 φωνή,

592 3622 642 3683 καὶ
664 3621 792 3708 τρίπον·
825 3620 983 3686 ἀλλάσσει
1005 3624 1039 3685 δέ
1062 3623 1150 3701 φυήν
1173 3621 1275 3698 μόνον
1299 3619 1382 3684 όσσ’
1404 3619 1456 3683 ἐπὶ
1477 3621 1571 3693 γαῖαν

594 3723 711 3801 ἑρπετὰ
733 3725 862 3786 κινεῖται
885 3723 947 3787 άνά
969 3723 1001 3786 τ’
1023 3721 1132 3799 αἰθέρα
1149 3722 1203 3806 καί
1227 3723 1305 3785 κατὰ
1327 3721 1459 3786 πόντον.

593 3822 663 3886 ἀλλ)
684 3823 808 3887 ὁπόταν
832 3825 1032 3888 πλείστοισιν
1056 3823 1260 3902 ἐρειδόμενον
1283 3819 1363 3886 ποσὶ
1387 3822 1490 3905 βαίνῃ,

593 3923 670 3989 ἔνθα
692 3925 792 4004 τάχος
814 3925 953 4001 γυίοισιν
976 3924 1206 4004 ἀφαυρότατον
1228 3925 1316 3987 πέλει
1340 3922 1449 3987 αὐτοῦ.

987 4147 1186 4154 ,ι--ψ-

760 4315 918 4389 mlx
944 4313 1050 4389 ΤΟΤ
1075 4313 1410 4388 ΑΙΝΙΓΜΑἸῸΣ.

552 4521 560 4528 -
593 4484 686 4547 Κλῦθι
708 4485 758 4548 καί
781 4484 840 4548 οὐκ
861 4466 1030 4559 ἐθέλουσα,
1054 4484 1228 4561 κακόπτερε
1252 4483 1372 4547 Μοῦσα
1394 4483 1576 4557 θανόντων,

642 4588 757 4664 φωνῆς
779 4585 934 4664 ἡμετέρης
957 4585 1020 4648 σόν
1042 4586 1137 4662 τέλος
1160 4584 1346 4663 ἀμπλακίης.

590 4685 765 4764 ἄνθρωπον
788 4687 974 4763 κατέλεξας,
998 4687 1036 4763 ὃς
1059 4687 1150 4762 ἡνίκα
1171 4689 1265 4761 γαῖαν
1288 4686 1433 4766 ἐφέρπει,

641 4791 773 4866 πρῶτον
797 4786 860 4867 ἔφυ
882 4786 1061 4866 τετράπους
1085 4788 1200 4865 νήπιος
1224 4787 1259 4850 ἐκ
1281 4787 1445 4863 λαγόνων·

589 4889 748 4967 γηραλέος
771 4891 806 4951 δὲ
829 4889 940 4952 πέλων
963 4889 1108 4966 τρίτατον
1132 4887 1218 4952 πόδα
1241 4889 1378 4967 βάκτρον
1403 4888 1526 4966 ἐρείδει,

641 4989 761 5069 αὐχένα
783 4990 956 5069 φορτίζων,
979 4991 1074 5069 γήραϊ
1095 4976 1327 5068 καμπτόμενος.

560 5381 752 5432 ΟΙΔΙΠΟΤΣ.
1081 5395 1084 5437 ι
1183 5380 1254 5443 δμοθ
1273 5379 1303 5431 δέ
1321 5379 1449 5432 παιάνων
1467 5395 1499 5432 τε
1518 5380 1564 5432 καί
1582 5377 1800 5443 στεναγμάτων·
1921 5389 1935 5429 ο

316 5455 355 5507 Ὦ
372 5455 470 5522 τέκνα,
490 5455 598 5520 Κάδμου
617 5458 670 5508 τοι)
690 5454 776 5506 πάλαι
796 5453 846 5506 νέα
864 5456 967 5520 τροφή,
1082 5440 1084 5481 ¹
1184 5455 1244 5518 ἁγὼ
1263 5457 1378 5507 δικαιῶν
1397 5457 1433 5520 μή
1453 5456 1524 5520 παρ’
1541 5455 1678 5518 ἀγγέλων,
1697 5455 1792 5518 τέκνα,

316 5529 401 5591 τίνας
418 5532 487 5582 ποθ’
504 5529 585 5595 ἕδρας
603 5530 687 5582 τάσδε
706 5545 751 5594 μοι
770 5527 885 5580 θοάζετε
1082 5512 1086 5599 ί,
1184 5530 1281 5582 ἄλλων
1299 5529 1413 5582 άκοάειν
1432 5529 1519 5591 αὐτὸς
1538 5529 1592 5582 ὧδ’
1609 5529 1740 5594 ἐλήλυθα,

317 5605 453 5670 ἱκτηρίοις
472 5606 612 5658 κλάδοισιν
630 5605 838 5669 ἐξεστεμμένΟι;
1185 5605 1201 5656 ὁ
1220 5607 1287 5656 πάσι
1305 5605 1414 5666 κλεινὸς
1432 5602 1566 5667 Οἰδίπους
1584 5605 1766 5668 καλούμενος.

318 5682 405 5742 πόλις
422 5680 451 5730 δ’
467 5681 538 5745 όμοῡ
558 5682 607 5746 μὲν
625 5682 808 5746 θυμιαμάτων
825 5681 910 5747 γέμει,
1185 5679 1255 5742 ἀλλ’,
1276 5680 1299 5731 ῶ
1319 5680 1420 5746 γεραιὲ,
1440 5680 1534 5746 φράζ’,
1553 5680 1613 5734 ἐπεῖ
1633 5680 1751 5746 πρέπων
1770 5680 1840 5744 ἔφυς

304 5769 486 5820 Βονιιοοιιιυ.
1714 5765 1735 5826 ὃ
