4372 6614
929 525 1176 581 PRAEFATIO.
1871 525 1911 580 XI

203 679 237 730 ut
255 676 366 732 ostendi
382 676 412 730 in
429 675 569 731 Leutscbii
584 676 731 746 Philologo
749 677 803 733 sol.
817 685 856 732 13.
875 695 902 747 p.
914 683 973 732 477.
986 683 1044 732 486.
1073 677 1215 732 vocabulis
1232 677 1391 748 compositis
1409 678 1499 749 magis
1516 679 1657 745 inclinant,
1676 683 1707 734 ut
1725 681 1769 734 vel
1785 699 1818 735 ex
1830 681 1910 735 huius

204 760 375 830 omninoque
392 761 463 816 haec
479 759 649 826 interiectio,
668 761 704 815 ab
722 759 833 815 nemine
851 760 1047 830 grammatico-
1072 761 1185 816 fabulae
1204 763 1337 832 exemplis
1350 763 1433 817 modo
1445 763 1574 818 indicatis
1586 763 1716 833 cognosci
1728 766 1829 834 potest.
1855 766 1910 820 Its-

203 863 269 899 rum
286 848 450 912 memorata,
469 835 611 914 nonduam
629 843 742 900 exstitit.
778 844 894 898 Exstitit
911 861 977 900 vero
996 845 1045 899 du·
1058 868 1061 929 ι
1074 863 1127 913 que
1146 846 1184 902 sic
1202 847 1380 901 statuendum
1398 846 1508 902 videtur
1530 848 1562 900 ut
1579 847 1635 900 dixi
1657 848 1685 902 in
1704 852 1803 902 Annot
1823 849 1908 904 Oxou.

205 928 343 999 plicatum
361 934 378 997 ἢ
397 933 429 997 ἢ,
447 929 499 983 etsi
517 945 601 982 unum
615 929 726 1006 tantum
744 931 871 998 superest
889 929 1046 999 exemplum
1073 931 1107 984 ad
1134 930 1220 984 Arist.
1240 931 1308 985 Aah.
1331 937 1389 984 242.
1413 950 1440 1002 p.
1464 938 1535 997 386,
1559 933 1749 986 consentiente
1771 933 1909 987 Meinelsio

207 1013 291 1068 Arist
309 1014 383 1070 Nub.
403 1021 459 1069 106.
479 1019 544 1082 (ηυο
562 1011 761 1082 grammaticus
779 1013 866 1068 utitur
883 1012 912 1066 in
930 1013 1044 1068 Montes.
1072 1016 1101 1068 in
1118 1015 1208 1069 Praei.
1233 1015 1269 1068 ad
1287 1015 1429 1086 Aristoph.
1452 1017 1505 1070 vol.
1526 1023 1548 1069 1.
1571 1035 1597 1085 p.
1615 1017 1676 1082 ML,
1699 1017 1822 1086 tragicos
1844 1022 1909 1072 ante

207 1097 281 1150 Bibl.
301 1096 380 1152 Coisl.
404 1115 431 1168 p.
449 1105 507 1152 600.
523 1099 592 1165 600.)
610 1099 662 1164 ἢῆ
681 1098 787 1161 σιώπα,
812 1095 888 1164 quod
905 1113 957 1164 ego
984 1115 1045 1151 con·
1072 1099 1182 1152 vocales
1193 1100 1221 1162 ἐς
1233 1099 1278 1152 vel
1290 1100 1342 1166 είς,
1360 1103 1444 1168 prout
1456 1103 1576 1154 metrum
1587 1101 1749 1170 postularet,
1768 1101 1909 1170 scripsisse

206 1180 326 1235 iunctim
341 1185 379 1250 ηή
396 1181 501 1252 scripsi.
1073 1199 1163 1250 neque
1180 1183 1210 1236 in
1221 1179 1348 1237 versih‘us
1360 1183 1486 1238 iambicis
1499 1186 1528 1237 et
1539 1185 1696 1250 trochaicis,
1714 1188 1746 1238 ut
1762 1202 1847 1255 puros
1858 1187 1908 1240 hos

258 1265 291 1322 V.
312 1271 369 1320 114.
392 1267 445 1321 dd
467 1269 499 1321 ἔα
516 1269 548 1320 ἔα
566 1265 603 1320 M.
627 1266 663 1320 dtr
681 1265 857 1320 scribendum
880 1283 939 1320 esse
963 1284 1046 1334 supra
1072 1267 1158 1336 pedes
1171 1269 1322 1332 servarent,
1341 1270 1370 1332 ἐς
1382 1269 1473 1334 Ἴλιον,
1493 1269 1521 1332 ἐς
1534 1269 1633 1335 οίκίαν,
1653 1273 1682 1334 ἐς
1694 1272 1823 1337 ὕστερον,
1843 1287 1908 1338 qua·

207 1348 273 1403 dixi.
310 1349 365 1405 Sed
383 1350 531 1405 delendum
554 1349 639 1404 etiam
658 1351 720 1403 erat
737 1352 769 1403 ἔα
787 1351 832 1414 ἔα,
855 1350 931 1418 quod
953 1351 1045 1404 ortum
1073 1351 1112 1405 lia
1129 1367 1184 1404 non
1202 1345 1266 1405 raro
1283 1351 1313 1404 in
1330 1351 1408 1405 libris
1427 1353 1614 1420 reperiuntur,
1638 1353 1758 1408 scribere
1776 1353 1908 1408 maluisse

206 1435 251 1488 ext
269 1453 284 1489 e
302 1434 391 1490 literis
408 1437 422 1490 t
439 1436 453 1489 ἐ
471 1432 677 1503 superscriptis,
695 1432 797 1501 quibus
814 1434 952 1502 glossema
969 1437 1001 1488 ἔα
1013 1437 1045 1489 ἔα
1074 1453 1158 1502 quam
1176 1437 1228 1503 είς,
1253 1437 1372 1490 comicos
1396 1441 1461 1490 ante
1479 1437 1588 1492 vocales
1611 1438 1670 1491 solo
1693 1454 1757 1491 usos
1780 1455 1840 1491 esse
1859 1439 1907 1505 είς,
1982 1491 1985 1502 ,

207 1517 393 1585 significatur,
417 1518 492 1588 quod
509 1520 590 1588 patet
611 1535 645 1572 ex
661 1533 743 1572 versu
761 1522 818 1572 666.
842 1518 890 1571 ubi
911 1521 976 1588 post
993 1519 1046 1573 dd
1073 1521 1138 1574 anta
1157 1521 1340 1574 consonantes
1357 1537 1422 1574 vero
1441 1537 1535 1574 omnes
1553 1523 1582 1586 ἐς
1599 1521 1692 1591 potius
1710 1538 1794 1589 quam
1813 1522 1851 1586 είς
1870 1521 1909 1575 di-

206 1601 411 1658 incodieenon
424 1606 456 1658 ἔα
469 1601 845 1670 to,sedsolumlegitartt,
865 1602 1042 1671 quodipsum
1058 1597 1152 1671 ,aissa
1187 1605 1218 1657 Id
1243 1621 1305 1658 cnm
1333 1604 1480 1678 aphaeresi
1507 1605 1618 1675 scripsit
1643 1605 1726 1658 Arist
1754 1606 1822 1660 Ach.
1851 1613 1908 1660 242.

205 1702 319 1755 quoque
338 1686 435 1742 delevi.
1057 1724 1060 1753 a
1073 1692 1182 1756 προΐτω
1197 1692 1218 1752 ’ς
1230 1690 1265 1743 τό
1278 1691 1404 1755 πρόσθεν
1422 1693 1499 1756 (ποια
1518 1691 1557 1743 sio
1569 1689 1685 1743 Wolfius
1697 1689 1831 1744 librorum
1843 1690 1908 1744 scri-

260 1769 370 1826 V.136.
393 1773 462 1840 olet]
486 1771 546 1826 Ηοα
569 1771 630 1826 ίοοο
653 1770 784 1826 librarius
806 1773 850 1825 ter
872 1775 903 1825 αῖ
926 1771 1044 1840 scripsit,
1072 1775 1184 1842 pturam
1202 1774 1298 1840 πρόίθ’
1315 1775 1354 1836 ώς
1373 1767 1512 1841 correxit).
1548 1774 1609 1842 hys.
1622 1780 1645 1828 8.
1662 1777 1680 1840 ἢ
1695 1776 1853 1840 ’ςΠανόςῆ
1869 1777 1909 1829 ’πί

208 1853 388 1922 quodetiam
406 1855 475 1911 alibi
497 1873 553 1910 non
569 1871 634 1910 raro
651 1855 767 1925 tragicis
785 1855 940 1910 intulerunt
961 1856 1045 1910 libra·
1074 1857 1226 1924 Κωλιάδ’ἢ
1251 1860 1271 1921 ’ς
1297 1859 1499 1923 Γενετυλλίδος.
1528 1863 1586 1912 606.
1608 1859 1692 1925 χώρει
1717 1860 1738 1922 ’ς
1755 1862 1810 1924 τὴν
1829 1865 1907 1913 ναον.

203 1939 251 2004 rii,
270 1956 356 2008 quum
374 1941 423 1994 aut
439 1941 509 2007 etat,
528 1941 577 1995 aut
595 1941 652 1995 αίαῖ
664 1941 722 1995 etot
740 1933 916 1995 scribendrim
935 1942 1015 1995 esset.
1071 1939 1140 1995 itan.
1161 1947 1220 1999 180.
1239 1947 1294 1996 187.
1319 1942 1361 2006 τίς
1380 1945 1407 2005 ἐς
1431 1949 1465 1996 τό
1488 1944 1582 2010 Λήθης
1600 1942 1697 1996 πεδίον
1720 1945 1737 2008 ἢ
1762 1943 1801 2006 είς
1823 1943 1907 2010 (libri,

259 2023 292 2076 V.
305 2029 362 2078 246.
375 2026 493 2094 ἐλεινὸς]
514 2027 635 2090 ἐλεεινός
652 2024 690 2092 Μ,
706 2040 762 2078 uon
780 2025 869 2079 solum
887 2026 984 2080 contra
996 2026 1044 2079 At·
1072 2028 1188 2095 excepto
1207 2025 1377 2080 Baroccrano
1396 2043 1464 2093 uno,
1483 2027 1548 2094 θ’ς)
1567 2027 1635 2080 όνου
1654 2028 1743 2091 πόκας
1758 2030 1762 2096 Ι
1778 2029 1829 2093 ἠ’ς
1843 2030 1908 2095 Κερ-

207 2109 327 2162 ticos-um
345 2125 438 2176 usum,
456 2110 505 2164 sad
523 2110 608 2164 etiam
631 2126 693 2164 cum
714 2109 798 2164 metri
814 2108 890 2164 vitio.
925 2110 977 2164 Est
992 2111 1045 2164 hoc
1073 2110 1214 2178 βερίουςῆ
1235 2113 1256 2175 ’ς
1270 2112 1391 2177 κόρακας
1408 2115 1424 2176 ἡ
1440 2113 1479 2164 'al
1492 2110 1640 2178 Ταίναρον,
1670 2111 1759 2166 Recta
1769 2110 1908 2180 scriptura

203 2192 374 2247 vocabulum
392 2209 427 2250 cx
437 2193 471 2248 iis
483 2211 601 2263 quorum
613 2195 719 2249 rectam
731 2193 896 2264 scripturam
909 2211 1044 2263 nusquam
1071 2193 1212 2248 interdum
1230 2199 1342 2249 servata
1358 2194 1387 2247 in
1406 2193 1475 2249 crasi
1494 2196 1552 2261 κάς,
1570 2211 1626 2250 non
1645 2195 1710 2262 κείς,
1730 2197 1794 2250 aute
1813 2213 1908 2250 conso·
1927 2243 1931 2251 .

205 2277 341 2334 intactam
360 2279 533 2348 reliquennrt
549 2278 665 2334 librarii.
969 2321 973 2330 .
1057 2281 1182 2353 juantes:
1202 2279 1235 2334 de
1255 2297 1311 2347 qua
1329 2279 1385 2334 dixi
1403 2279 1439 2334 ad
1457 2279 1625 2333 Arist.·Ach.
1646 2277 1701 2333 184.
1720 2279 1749 2333 in
1761 2280 1805 2334 ed.
1820 2281 1906 2335 Oxou.

260 2362 293 2416 V.
312 2369 370 2418 296.
395 2365 596 2432 ξυμπράσσειν]
621 2365 813 2431 συμπράττειν
835 2364 871 2418 M.
909 2365 1059 2432 Tragicosl
1122 2363 1154 2416 V.
1173 2369 1231 2418 670.
1251 2365 1422 2434 κάπέκλῃσε]
1443 2365 1609 2418 κάπέκλεισε
1627 2364 1664 2424 Μ,
1687 2363 1801 2418 Formas
1818 2369 1907 2434 κληω,

208 2451 307 2502 notam
319 2450 429 2502 estnon
441 2451 585 2517 πράττειν,
598 2447 647 2502 sed
658 2449 795 2516 πράσσειν
808 2447 907 2503 dixisse
920 2450 950 2503 et
964 2466 1043 2504 voca·
1057 2434 1059 2497 ί
1072 2453 1152 2518 κλης,
1181 2451 1304 2516 κλῇθρον
1322 2451 1351 2502 ο6
1368 2451 1524 2516 κλῃδσθχος
1541 2447 1661 2502 dialecto
1679 2447 1789 2502 Atticae
1810 2450 1907 2510 veteri,

207 2532 276 2586 bula
293 2531 394 2588 similia
411 2532 505 2587 omnia
521 2549 573 2602 per
591 2548 640 2600 σσ,
659 2549 716 2586 non
732 2550 779 2598 ττ,
804 2531 947 2598 extulisse,
971 2533 1045 2600 quod
1058 2550 1059 2567 ι
1072 2535 1170 2599 κλείω,
1193 2533 1280 2599 κλείς,
1309 2535 1446 2598 κλεῖθρον,
1469 2535 1630 2599 κλειδοῦχος
1647 2531 1756 2602 vulgari
1781 2533 1908 2588 tribuunt

207 2617 377 2672 comicorum
398 2633 554 2688 proraeque
577 2617 711 2672 orationis
731 2615 898 2686 scriptorum
919 2617 974 2682 est,
999 2633 1043 2670 ex·
1056 2580 1059 2668 ί
1070 2615 1258 2686 grammatici,
1277 2617 1312 2669 de
1329 2633 1384 2686 quo
1399 2616 1504 2670 dictum
1522 2616 1551 2670 in
1569 2616 1721 2671 Thesauro.
1757 2617 1907 2684 Utriusque

208 2703 291 2771 cepto
310 2701 355 2756 cui
373 2718 407 2758 σο
420 2701 527 2772 placuit
539 2702 710 2772 Thucydide.
738 2701 923 2756 Nihilominus
935 2701 1043 2756 librarii
1071 2701 1225 2770 scripturae
1239 2702 1398 2768 frequentia
1413 2701 1442 2754 in
1453 2703 1600 2769 poctarum
1620 2701 1790 2756 scenicorum
1809 2701 1907 2754 codici-

208 2785 325 2855 tragiois
338 2800 448 2855 quoque
460 2786 566 2856 passim
577 2785 732 2840 intulerunt
748 2792 795 2851 τ’τ,
812 2784 891 2840 velut
908 2787 1042 2853 πράττειν
1056 2810 1058 2846 ι
1071 2785 1122 2840 bus
1142 2786 1283 2856 exempla:
1307 2786 1380 2840 unde
1401 2788 1465 2855 post
1486 2785 1597 2840 mutiles
1615 2785 1765 2839 multorum
1782 2785 1906 2855 disputa-

207 2869 293 2939 Soph.
304 2871 354 2925 Ph.
369 2877 441 2926 1440.
460 2873 550 2939 ἧττον
566 2871 632 2925 Eur.
650 2857 755 2926 Phoen.¹
772 2875 830 2926 961.
1056 2847 1160 2977 ,bones
1177 2870 1273 2924 Attica
1289 2871 1379 2926 forma
1396 2887 1469 2924 nunc
1486 2869 1589 2939 ubique
1608 2870 1650 2923 est
1667 2870 1804 2924 restituta.

259 2953 293 3008 V.
312 2961 371 3010 310.
393 2955 530 3024 γίγνεται]
553 2956 660 3020 γίνεται
678 2954 719 3020 Μ,
742 2954 770 3009 in
793 2969 861 3022 quo,
885 2956 915 3006 ut
932 2954 961 3006 in
984 2954 1044 3007 alus
1121 2953 1155 3013 V.
1174 2959 1232 3010 680.
1255 2955 1393 3021 αἰφνίδιος
1416 2971 1478 3008 cum
1500 2955 1582 3008 metri
1604 2952 1672 3006 vitio
1696 2957 1739 3006 est
1756 2954 1785 3006 in
1802 2953 1845 3020 M,
1870 2955 1907 3008 ab

205 3039 378 3108 tragicorum
396 3038 551 3103 codicibus,
572 3039 737 3109 plerumque
760 3039 837 3092 recte
854 3037 988 3106 scriptum
1005 3039 1043 3104 γί-
1070 3040 1163 3094 vetere
1181 3038 1296 3094 librario
1318 3037 1427 3093 illatum
1446 3037 1632 3105 exquisitioris
1653 3039 1761 3092 formae
1779 3040 1907 3105 ἀφνίδιος

206 3129 323 3190 γνεσθαι
341 3126 370 3179 st
386 3125 564 3191 γιγνώσκειν,
583 3123 632 3178 sed
650 3122 790 3177 interdum
807 3124 902 3176 6ααιοιι
918 3123 1044 3188 γίνεσθαι
1071 3122 1178 3191 ignaro,
1198 3140 1280 3190 quam
1299 3122 1423 3178 restituit
1439 3121 1586 3176 Elmsleius
1604 3121 1671 3176 satis
1684 3123 1905 3178 commendatam

205 3212 236 3263 et
252 3213 411 3276 γινώσκειν,
430 3223 503 3278 quae
520 3207 612 3262 aliena
629 3224 688 3262 esse
706 3207 743 3262 ab
755 3206 910 3261 Atticorum
928 3222 980 3260 usu
996 3205 1044 3260 ho·
1071 3207 1203 3262 adverbio
1222 3210 1315 3275 ἄφνω,
1333 3224 1388 3276 ηυο
1406 3207 1507 3276 tragici
1525 3207 1566 3260 usi
1584 3207 1655 3272 sunt,
1674 3213 1703 3260 et
1715 3207 1906 3261 confirmatam

204 3293 251 3347 die
268 3293 343 3350 inter
361 3309 455 3350 omnes
474 3294 592 3347 constat
1070 3291 1200 3361 Hesychii
1218 3292 1312 3362 glossa
1330 3293 1450 3358 ἀφνιδία.

258 3378 291 3432 V.
315 3385 372 3438 345.
399 3381 502 3434 οὕνεκα
529 3375 691 3431 Brauckius.
726 3376 820 3430 εἵνεκα
842 3375 879 3429 M.
914 3375 1044 3430 Formam
1068 3366 1076 3384 ⁸
1120 3375 1153 3430 V.
1171 3382 1229 3430 740.
1259 3377 1293 3432 ίώ
1315 3378 1361 3443 μοί
1382 3394 1434 3443 μοι.
1465 3378 1478 3430 ἑ
1502 3379 1526 3446 t]
1547 3375 1593 3430 Sic
1612 3375 1649 3428 M.
1687 3375 1825 3430 Personae
1838 3363 1905 3428 'tra-

203 3463 328 3518 Atticam
353 3465 458 3517 οόνεκα
478 3460 563 3516 toties
586 3461 733 3515 servarunt
752 3461 899 3529 poetarum
921 3459 1042 3514 scenico·
1070 3460 1149 3529 gicae
1173 3460 1222 3514 ubi
1249 3461 1278 3513 in
1301 3477 1412 3515 scenam
1435 3461 1576 3530 prodeunt
1596 3461 1783 3514 lamentantes
1805 3461 1839 3514 lo
1862 3461 1920 3523 μοί

204 3564 268 3601 rum
291 3547 401 3602 codices
423 3545 511 3600 atde
535 3561 568 3600 ea
594 3545 698 3612 ubique
721 3542 894 3598 restituenda
920 3542 1043 3605 dubitari
1070 3562 1120 3622 μοιι
1134 3545 1288 3600 exclamare
1307 3545 1404 3611 solent,
1422 3544 1503 3598 nullis
1516 3545 1577 3599 aliis
1589 3543 1727 3599 adiunctis
1738 3543 1906 3600 interiectio-

203 3632 335 3700 nequeat.
1068 3628 1157 3683 nibus.
1193 3627 1380 3693 Quamobrem
1398 3629 1487 3684 delevi
1504 3628 1630 3682 inutilem
1649 3628 1844 3700 appendicem,
1863 3644 1906 3682 οι·-

262 3714 292 3768 V.
310 3721 367 3771 368.
386 3715 625 3783 ἑκατογκάρανον]
644 3712 705 3767 Ησο
722 3712 875 3782 Aeschylus
892 3715 1039 3768 ἑκατονκό·
1068 3715 1128 3768 tam
1145 3712 1221 3767 haud
1239 3712 1324 3768 dubie
1345 3731 1379 3768 ex
1400 3713 1594 3784 praecedentis
1612 3730 1707 3768 versus
1726 3712 1905 3778 correctione,

204 3818 296 3868 ρανον
319 3798 480 3871 scripserat:
507 3798 580 3853 unde
601 3799 718 3852 fortasse
742 3798 834 3852 ortum
857 3798 1042 3852 ἑκατοντακά-
1068 3798 1170 3870 inquo
1189 3799 1252 3866 μηδ1
1269 3799 1348 3852 ἐπῶν
1366 3797 1469 3866 legitur
1491 3798 1520 3851 in
1537 3797 1578 3863 M,
1602 3797 1645 3851 cui
1669 3798 1749 3851 vetus
1767 3797 1907 3853 corrector

203 3902 302 3953 μανον,
327 3883 402 3954 qnod
420 3885 464 3940 est
484 3883 513 3936 in
535 3883 577 3949 M,
599 3899 656 3937 non
675 3881 820 3937 intellecta
837 3883 931 3937 vetere
949 3882 1042 3935 ortho-
1071 3885 1131 3936 tet
1148 3883 1162 3936 ἑ
1180 3881 1358 3951 adscripsisse
1376 3882 1493 3947 videtur,
1511 3884 1543 3936 ut
1556 3883 1671 3950 μηδέπω
1685 3884 1715 3936 ἐν
1728 3879 1905 3950 significaret.

200 3968 330 4039 graphia
1070 3966 1134 4020 Non
1156 3967 1245 4020 minus
1268 3967 1426 4036 suspectum
1448 3969 1491 4020 est
1509 3965 1543 4020 ἰώ
1563 3967 1609 4032 μοί
1631 3984 1675 4032 μοι
1694 3983 1756 4020 eum
1774 3965 1905 4020 adiuncto

258 4052 291 4106 V.
305 4059 366 4108 371.
381 4036 529 4122 ἀπλήστου
547 4053 583 4108 M.
608 4053 695 4108 Recte
707 4051 886 4107 Blomfieldus
904 4052 1041 4106 ἀπλάτου.
1055 4097 1057 4107 .
1072 4053 1084 4105 t
1103 4050 1146 4105 vel
1165 4053 1203 4106 tt
1220 4051 1266 4105 val
1284 4053 1314 4114 ol
1326 4053 1356 4104 al
1374 4067 1418 4121 ap.
1436 4050 1531 4120 Eurip.
1550 4049 1610 4104 Alc.
1629 4054 1686 4104 863.
1705 4049 1734 4102 in
1751 4065 1832 4103 versu
1849 4049 1905 4103 ter-

204 4139 269 4192 Hoc
288 4153 398 4208 quoque
416 4137 584 4192 vocabulum
601 4138 631 4191 in
649 4137 684 4190 iis
702 4139 746 4192 est
763 4153 835 4204 quae
856 4134 963 4190 librarii
980 4151 1043 4190 nus·
1069 4133 1109 4188 tio
1132 4134 1290 4204 systematis
1312 4135 1495 4205 anapaestis,
1522 4135 1551 4188 et
1571 4135 1655 4204 Hipp.
1680 4139 1737 4188 660.
1760 4132 1790 4186 iu
1812 4133 1904 4188 medio

202 4239 292 4290 quam
308 4221 416 4276 intacta
433 4222 617 4292 reliquerunt,
639 4220 800 4290 pariterque
822 4219 851 4274 in
872 4219 925 4274 hac
945 4219 1044 4274 fabula
1069 4219 1206 4287 colloquio
1219 4219 1284 4273 aute
1301 4218 1452 4273 iambicum
1463 4219 1630 4284 trimetrum,
1649 4219 1682 4271 ίιό
1696 4217 1742 4282 μοί
1755 4235 1800 4284 μοι
1812 4220 1843 4271 ol
1855 4221 1902 4286 ol]

201 4325 231 4360 ν.
246 4311 303 4360 716.
316 4307 495 4374 πρόσπλατοι
512 4305 598 4374 (quod
609 4305 755 4360 Elmslaius
766 4304 900 4372 restituit)
912 4304 941 4357 in
954 4307 1043 4370 πρδσ-
1069 4304 1093 4358 ὧ
1110 4305 1280 4358 δυστάλαινα
1297 4307 1359 4356 τῶν
1380 4304 1457 4369 ἐμῶν
1473 4305 1657 4372 παθημάτων.
1692 4301 1779 4356 Porro
1797 4301 1905 4357 librarii

201 4395 329 4446 πλαστοι
347 4393 537 4462 corruperunt
565 4389 643 4444 Idem
656 4390 690 4445 de
703 4389 840 4444 adiectivo
857 4389 938 4455 αίκὴς
955 4389 984 4442 et
996 4387 1042 4442 ad·
1068 4387 1208 4442 interdurn
1226 4391 1240 4441 t
1258 4390 1271 4442 ἔ
1289 4404 1340 4455 pro
1360 4388 1417 4442 αίαῑ
1434 4387 1479 4442 vel
1496 4387 1557 4442 vice
1574 4402 1654 4442 versa
1672 4385 1854 4454 scripserunt,
1873 4390 1906 4440 ut

199 4475 299 4530 verbio
326 4477 411 4540 αίίτιθς
433 4474 596 4542 dicendum,
622 4491 693 4542 quae
713 4475 821 4529 formae
843 4471 951 4542 quoties
968 4470 1043 4540 apud
1069 4489 1113 4542 ap.
1132 4472 1216 4542 Soph.
1240 4472 1487 4530 E1.ssa=sso.
1528 4471 1592 4526 Eur.
1611 4469 1684 4524 Med.
1709 4476 1765 4524 110.
1788 4471 1838 4525 ubi
1860 4488 1903 4540 sy-

202 4560 330 4628 tragicos
341 4559 482 4628 leguntur,
495 4558 578 4612 toties
592 4558 621 4613 in
634 4560 728 4626 ἀεικής
741 4559 769 4612 et
781 4560 883 4622 ἀεικῶς
896 4557 1043 4625 corruptae
1054 4596 1057 4639 Ι
1068 4560 1158 4612 stema
1180 4556 1391 4625 anapaesticum
1412 4556 1442 4610 in
1465 4555 1607 4610 codicibus
1627 4553 1722 4624 inepte
1744 4553 1844 4624 incipit
1867 4556 1903 4608 ah

201 4645 317 4699 suntin
335 4643 491 4710 codicibus,
513 4643 546 4696 ut
561 4642 635 4696 infra
652 4661 677 4695 v.
695 4648 754 4696 472.
777 4642 805 4696 in
823 4642 859 4696 M.
879 4643 922 4696 est
939 4641 1307 4702 atuor-{interiectionibus
1326 4643 1339 4696 t
1356 4644 1369 4696 t
1387 4643 1417 4695 ol
1433 4641 1464 4694 oi
1481 4640 1538 4704 vel,
1560 4637 1638 4692 utin
1656 4638 1719 4693 aliis
1738 4647 1793 4704 est,
1816 4641 1847 4693 ol
1863 4642 1903 4706 αῖ,

201 4733 256 4794 θος
273 4731 364 4794 άεικές
382 4746 445 4784 cum
461 4727 546 4783 metri
558 4727 638 4792 vitio,
657 4727 733 4796 quod
748 4726 869 4782 correxit
880 4724 1043 4780 Brunckius.
1054 4710 1057 4749 ί
1068 4728 1112 4781 ναί
1130 4726 1173 4780 bis
1192 4729 1326 4794 quaterve
1344 4727 1358 4780 t
1374 4728 1401 4790 ἔ,
1424 4723 1571 4792 Euripides
1588 4739 1654 4778 vero
1676 4724 1733 4778 eloi
1756 4723 1813 4778 αἰαῖ
1837 4725 1903 4778 scri·

255 4829 289 4882 V.
308 4834 366 4885 478.
385 4831 413 4894 ἐς
431 4830 530 4897 νόσον]
551 4830 589 4894 είς
608 4831 696 4884 νόσον
711 4828 741 4882 Μ
759 4829 788 4883 et
808 4829 846 4893 εἰς
862 4830 967 4894 τέχνην
982 4833 1041 4885 497.
1068 4812 1175 4906 illimis
1202 4813 1235 4864 Ut
1257 4809 1333 4864 alibi·
1346 4826 1402 4863 ¹1⁰ss
1424 4822 1488 4863 ΜΟ
1515 4809 1581 4861 anie
1607 4809 1781 4900 antliam·
1820 4809 1904 4878 Apud

204 4915 247 4980 είς
265 4917 347 4980 θεοὺς
364 4919 423 4970 045.
447 4914 486 4980 εἰς
504 4915 580 4980 φάος
596 4918 674 4967 1021:
698 4913 795 4967 contra
812 4915 841 4976 ἐς
858 4915 1043 4981 παρθενῶνας
1067 4897 1151 4950 Affli-
1171 4895 1280 4988 Thessm·
1301 4899 1373 4949 1042·
1393 4895 1406 4947 ἓ
1423 4895 1436 4946 ἔ
1454 4893 1519 4963 1³0⁸t
1535 4891 1592 4946 (¹¹⁰³
1614 4891 1741 4946 flddllffin
1764 4897 1839 4946 Γθῦίθ
1858 4892 1904 4947 de·

203 5005 264 5054 646.
292 5001 321 5064 ἔς
343 5015 375 5054 τε
394 5000 483 5054 Πυθώ
507 5003 566 5054 ets.
599 4998 629 5062 ἐς
652 4998 843 5066 μεσημβρινὴν
866 5003 924 5050 722.
956 4997 986 5059 ἐς
1006 4998 1042 5049 τὰ
1068 4980 1156 5034 letum
1172 4996 1202 5033 11¹
1219 4978 1262 5033 ed·
1279 4978 1352 5032 ΠΟΥ·
1370 4994 1395 5032 ³⁴·
1415 4983 1488 5030 ¹5¹5·

202 5085 292 5140 πάνθ’
309 5089 365 5139 786.
390 5083 418 5146 ἐς
435 5083 524 5149 χθόνα
542 5088 601 5138 813.
632 5083 661 5147 ἐς
680 5083 775 5138 κοινόν
798 5087 855 5136 844.
884 5082 912 5146 ἐς
934 5056 1056 5136 ταυτόνί
1114 5080 1210 5134 Vter.
1221 5086 1304 5146 γαμεῖ
1312 5080 1403 5144 γάμον
1413 5080 1904 5166 ταιοῦτονῷποτ’άσχαλεί]όσχαλᾷ

202 5175 262 5225 846.
289 5171 318 5233 ἔς
335 5185 367 5222 τε
387 5174 461 5222 1060.
498 5168 571 5221 Ante
589 5165 686 5220 literas
703 5165 812 5221 vocales
826 5166 928 5235 poetae
940 5162 1042 5234 tragici
1068 5165 1202 5234 scriptum
1219 5163 1249 5218 in
1260 5164 1289 5218 M
1306 5181 1358 5233 pro
1371 5166 1496 5230 άσχαλεῑ,
1514 5162 1591 5232 quod
1602 5161 1805 5220 Herwerdenus
1822 5163 1903 5218 resti-

203 5254 244 5318 είς
262 5253 292 5308 et
308 5256 336 5318 ἐς
353 5253 438 5323 prout
454 5255 574 5306 metrum
591 5249 748 5321 postularet
765 5249 908 5315 dixerunt,
926 5248 1042 5303 comico·
1068 5248 1131 5317 tuit,
1151 5251 1180 5304 et
1197 5252 1360 5315 συνασχαλά
1373 5254 1429 5302 161.
1449 5249 1478 5302 ε6
1494 5253 1552 5304 243.
1572 5247 1673 5315 quibus
1689 5247 1757 5304 locis
1774 5246 1903 5302 omnibus

202 5355 267 5392 rum
283 5353 349 5391 vero
367 5352 463 5390 versus
486 5335 533 5403 qui
550 5339 578 5400 ἐς
599 5335 743 5404 postulent
763 5333 832 5388 nulli
855 5333 1041 5404 reperiuntur,
1068 5333 1161 5403 aptius
1178 5335 1222 5388 est
1237 5333 1362 5387 futurum
1374 5332 1557 5402 videnturque
1568 5332 1670 5402 tragici
1682 5333 1832 5399 ἀσχάλλειν
1844 5331 1903 5401 epi-

202 5419 257 5476 nisi
274 5419 323 5475 ubi
341 5434 498 5475 sermonem
509 5420 648 5508 tragicum
660 5418 819 5484 imitantur,
837 5419 870 5473 ut
882 5417 966 5472 Arist.
978 5416 1042 5472 Pac.
1067 5434 1116 5474 cas
1135 5421 1241 5474 tonnae
1259 5420 1386 5484 άσχαλδν
1397 5417 1574 5485 praetulisse,
1594 5417 1628 5471 de
1641 5433 1696 5486 quo
1709 5415 1780 5470 dixit
1791 5415 1822 5470 L.
1835 5415 1902 5470 Din-

203 5511 262 5560 140.
280 5505 309 5559 τί
321 5507 346 5558 δ’
356 5507 394 5571 ἢν
405 5505 434 5568 ἐς
451 5505 539 5574 ὑγρόν
556 5506 676 5561 πόντιον
689 5505 763 5573 ntor]
777 5505 874 5570 βάθος
893 5503 966 5556 Ante
979 5517 1042 5555 con·
1066 5503 1169 5557 dontius
1181 5501 1209 5556 in
1223 5501 1366 5556 Thesauro
1385 5519 1405 5554 s
1417 5501 1445 5555 h.
1458 5519 1483 5556 v.
1496 5519 1523 5570 p.
1536 5507 1622 5568 2320,
1640 5517 1695 5557 uno
1708 5504 1827 5571 excepto
1840 5501 1902 5557 loco

202 5591 334 5644 sonantes
352 5587 406 5643 etsi
421 5585 488 5642 libri
504 5589 578 5644 inter
596 5590 625 5654 ἐς
643 5589 673 5642 ot
690 5587 729 5652 είς
747 5587 857 5643 νοτίοιο
874 5587 977 5652 solent,
1000 5589 1040 5639 ta
1052 5574 1206 5656 [Euripidis
1227 5585 1286 5655 lph.
1305 5587 1337 5640 A.
1356 5591 1414 5641 920.
1437 5587 1586 5643 tutoresne
1606 5587 1637 5641 δὲ
1656 5593 1718 5651 τοῖς
1742 5586 1851 5640 κακοῑοί
1876 5589 1903 5640 τ’

201 5689 266 5728 men
289 5674 325 5728 sd
349 5675 378 5739 ἐς
401 5689 485 5740 quum
507 5673 536 5726 in
558 5671 767 5744 praepositione
790 5672 909 5742 simplici
931 5672 990 5726 tum
1012 5642 1199 5738 ιιιίόσχαλᾱν,
1217 5670 1265 5724 ubi
1284 5673 1404 5725 menum
1422 5687 1478 5726 non
1495 5671 1783 5806 ferebatbdcxdlteiv.
