<?xml version="1.0" encoding="UTF-8"?>
<!DOCTYPE html PUBLIC "-//W3C//DTD XHTML 1.0 Transitional//EN"
    "http://www.w3.org/TR/xhtml1/DTD/xhtml1-transitional.dtd">
<html xmlns="http://www.w3.org/1999/xhtml" xml:lang="en" lang="en">
 <head>
  <title>
</title>
<meta http-equiv="Content-Type" content="text/html;charset=utf-8" />
  <meta name='ocr-system' content='tesseract 3.04.00' />
  <meta name='ocr-capabilities' content='ocr_page ocr_carea ocr_par ocr_line ocrx_word'/>
</head>
<body>
  <div class='ocr_page' id='page_1' title='image "./poetarumscenico00arisgoog/poetarumscenico00arisgoog_0798.png"; bbox 0 0 4194 6608; ppageno 0'>
   <div class='ocr_carea' id='block_1_1' title="bbox 336 1454 1627 1552">
    <p class='ocr_par' dir='ltr' id='par_1_1' title="bbox 336 1454 1627 1552">
     <span class='ocr_line' id='line_1_1' title="bbox 336 1454 1627 1552; baseline -0.006 -4"><span class='ocrx_word' id='word_1_1' title='bbox 336 1454 1126 1552; x_wconf 77' lang='grc' dir='ltr'><strong>ΑΡΙΣΤΟΦΑΝΟΥΣ</strong></span> <span class='ocrx_word' id='word_1_2' title='bbox 1181 1455 1542 1552; x_wconf 67' lang='grc' dir='ltr'>4ΙΠΠΗΣ.</span> <span class='ocrx_word' id='word_1_3' title='bbox 1625 1534 1627 1540; x_wconf 76' lang='grc'>,</span> 
     </span>
    </p>
   </div>
   <div class='ocr_carea' id='block_1_2' title="bbox 802 1761 1064 1772">
    <p class='ocr_par' dir='ltr' id='par_1_2' title="bbox 802 1761 1064 1772">
     <span class='ocr_line' id='line_1_2' title="bbox 802 1761 1064 1772; baseline 0.008 -2"><span class='ocrx_word' id='word_1_4' title='bbox 802 1761 1064 1772; x_wconf 70' lang='grc'>----.</span> 
     </span>
    </p>
   </div>
   <div class='ocr_carea' id='block_1_3' title="bbox 545 1996 1326 2074">
    <p class='ocr_par' dir='ltr' id='par_1_3' title="bbox 545 1996 1326 2074">
     <span class='ocr_line' id='line_1_3' title="bbox 545 1996 1326 2074; baseline 0.005 -4"><span class='ocrx_word' id='word_1_5' title='bbox 545 1997 614 2071; x_wconf 85' lang='grc' dir='ltr'>ΤΑ</span> <span class='ocrx_word' id='word_1_6' title='bbox 640 1996 746 2072; x_wconf 85' lang='lat' dir='ltr'>TOT</span> <span class='ocrx_word' id='word_1_7' title='bbox 771 1996 1049 2073; x_wconf 81' lang='grc' dir='ltr'>ΔΡΑΜΑΤΟΣ</span> <span class='ocrx_word' id='word_1_8' title='bbox 1075 1999 1326 2074; x_wconf 82' lang='grc' dir='ltr'>ΠΡΟΣΩΠΑ</span> 
     </span>
    </p>
   </div>
   <div class='ocr_carea' id='block_1_4' title="bbox 128 2197 1289 2480">
    <p class='ocr_par' dir='ltr' id='par_1_4' title="bbox 128 2197 1289 2480">
     <span class='ocr_line' id='line_1_4' title="bbox 129 2197 1124 2290; baseline 0.004 -5"><span class='ocrx_word' id='word_1_9' title='bbox 129 2197 409 2288; x_wconf 61' lang='lat' dir='ltr'>nunononnunla</span> <span class='ocrx_word' id='word_1_10' title='bbox 986 2238 1124 2290; x_wconf 78' lang='grc' dir='ltr'>κιυιιυ,</span> 
     </span>
     <span class='ocr_line' id='line_1_5' title="bbox 128 2321 1289 2375; baseline 0.001 -3"><span class='ocrx_word' id='word_1_11' title='bbox 128 2321 264 2375; x_wconf 72' lang='lat' dir='ltr'>mnus.</span> <span class='ocrx_word' id='word_1_12' title='bbox 985 2323 1108 2374; x_wconf 77' lang='lat' dir='ltr'>xenon</span> <span class='ocrx_word' id='word_1_13' title='bbox 1132 2323 1289 2375; x_wconf 82' lang='grc' dir='ltr'>τιτπυιιυ.</span> 
     </span>
     <span class='ocr_line' id='line_1_6' title="bbox 128 2405 1124 2480; baseline 0.008 -26"><span class='ocrx_word' id='word_1_14' title='bbox 128 2405 437 2457; x_wconf 78' lang='lat' dir='ltr'>nnnnnuonennn</span> <span class='ocrx_word' id='word_1_15' title='bbox 455 2405 489 2456; x_wconf 81' lang='lat' dir='ltr'>oe</span> <span class='ocrx_word' id='word_1_16' title='bbox 512 2405 602 2470; x_wconf 78' lang='grc' dir='ltr'>ονομα</span> <span class='ocrx_word' id='word_1_17' title='bbox 620 2405 885 2480; x_wconf 69' lang='grc' dir='ltr'>ΑτοΡικΡιπου.</span> <span class='ocrx_word' id='word_1_18' title='bbox 987 2409 1124 2462; x_wconf 79' lang='lat' dir='ltr'>onnon.</span> 
     </span>
    </p>
   </div>
   <div class='ocr_carea' id='block_1_5' title="bbox 838 2647 1037 2658">
    <p class='ocr_par' dir='ltr' id='par_1_5' title="bbox 838 2647 1037 2658">
     <span class='ocr_line' id='line_1_7' title="bbox 838 2647 1037 2658; baseline 0.01 -4"><span class='ocrx_word' id='word_1_19' title='bbox 838 2647 1037 2658; x_wconf 75' lang='lat'>———----</span> 
     </span>
    </p>
   </div>
   <div class='ocr_carea' id='block_1_6' title="bbox 755 2772 1173 2891">
    <p class='ocr_par' dir='ltr' id='par_1_6' title="bbox 755 2772 1173 2891">
     <span class='ocr_line' id='line_1_8' title="bbox 755 2772 1173 2891; baseline -0.007 0"><span class='ocrx_word' id='word_1_20' title='bbox 755 2813 1116 2891; x_wconf 74' lang='lat' dir='ltr'>nnoeunin.</span> <span class='ocrx_word' id='word_1_21' title='bbox 1169 2772 1173 2782; x_wconf 80' lang='grc'><strong>’</strong></span> 
     </span>
    </p>
   </div>
   <div class='ocr_carea' id='block_1_7' title="bbox 79 3013 1782 5050">
    <p class='ocr_par' dir='ltr' id='par_1_7' title="bbox 79 3013 1782 5050">
     <span class='ocr_line' id='line_1_9' title="bbox 177 3013 1780 3099; baseline 0.002 -22"><span class='ocrx_word' id='word_1_22' title='bbox 177 3013 203 3077; x_wconf 90' lang='grc' dir='ltr'>Ι.</span> <span class='ocrx_word' id='word_1_23' title='bbox 248 3016 292 3080; x_wconf 91' lang='grc' dir='ltr'>Τό</span> <span class='ocrx_word' id='word_1_24' title='bbox 320 3018 424 3095; x_wconf 86' lang='grc' dir='ltr'>δρᾶμα</span> <span class='ocrx_word' id='word_1_25' title='bbox 450 3019 517 3081; x_wconf 94' lang='grc' dir='ltr'>τῶν</span> <span class='ocrx_word' id='word_1_26' title='bbox 539 3017 672 3082; x_wconf 91' lang='grc' dir='ltr'>Ἱππέων</span> <span class='ocrx_word' id='word_1_27' title='bbox 700 3022 836 3084; x_wconf 91' lang='grc' dir='ltr'>ποιεῖται</span> <span class='ocrx_word' id='word_1_28' title='bbox 864 3019 909 3099; x_wconf 82' lang='grc' dir='ltr'>εἰς</span> <span class='ocrx_word' id='word_1_29' title='bbox 924 3021 1063 3086; x_wconf 88' lang='grc' dir='ltr'>ΙΚλέωνα</span> <span class='ocrx_word' id='word_1_30' title='bbox 1089 3021 1147 3085; x_wconf 91' lang='grc' dir='ltr'>τόν</span> <span class='ocrx_word' id='word_1_31' title='bbox 1173 3021 1241 3082; x_wconf 93' lang='grc' dir='ltr'>τῶν</span> <span class='ocrx_word' id='word_1_32' title='bbox 1263 3016 1437 3096; x_wconf 86' lang='grc' dir='ltr'>Ἀθηναίων</span> <span class='ocrx_word' id='word_1_33' title='bbox 1459 3015 1658 3095; x_wconf 90' lang='grc' dir='ltr'>δημαγωγόν.</span> <span class='ocrx_word' id='word_1_34' title='bbox 1701 3016 1780 3081; x_wconf 89' lang='grc' dir='ltr'>ὑπό-</span> 
     </span>
     <span class='ocr_line' id='line_1_10' title="bbox 89 3117 1780 3206; baseline 0.002 -26"><span class='ocrx_word' id='word_1_35' title='bbox 89 3137 188 3182; x_wconf 87' lang='grc' dir='ltr'>κειται</span> <span class='ocrx_word' id='word_1_36' title='bbox 209 3117 243 3180; x_wconf 85' lang='grc' dir='ltr'>δέ</span> <span class='ocrx_word' id='word_1_37' title='bbox 267 3117 313 3196; x_wconf 88' lang='grc' dir='ltr'>ῶς</span> <span class='ocrx_word' id='word_1_38' title='bbox 327 3117 518 3198; x_wconf 87' lang='grc' dir='ltr'>Παφλαγὼν</span> <span class='ocrx_word' id='word_1_39' title='bbox 541 3119 721 3200; x_wconf 79' lang='grc' dir='ltr'>νεώνητος,</span> <span class='ocrx_word' id='word_1_40' title='bbox 745 3122 911 3188; x_wconf 84' lang='grc' dir='ltr'>δουλεύων</span> <span class='ocrx_word' id='word_1_41' title='bbox 934 3128 979 3206; x_wconf 85' lang='grc' dir='ltr'>τῷ</span> <span class='ocrx_word' id='word_1_42' title='bbox 991 3123 1093 3205; x_wconf 88' lang='grc' dir='ltr'>Δήμω</span> <span class='ocrx_word' id='word_1_43' title='bbox 1116 3122 1165 3186; x_wconf 90' lang='grc' dir='ltr'>καὶ</span> <span class='ocrx_word' id='word_1_44' title='bbox 1187 3119 1411 3200; x_wconf 84' lang='grc' dir='ltr'>προαγόμενος</span> <span class='ocrx_word' id='word_1_45' title='bbox 1433 3119 1508 3196; x_wconf 77' lang='grc' dir='ltr'>παρ’</span> <span class='ocrx_word' id='word_1_46' title='bbox 1529 3117 1616 3202; x_wconf 85' lang='grc' dir='ltr'>αὐτῷ</span> <span class='ocrx_word' id='word_1_47' title='bbox 1638 3121 1780 3198; x_wconf 87' lang='grc' dir='ltr'>περιττό-</span> 
     </span>
     <span class='ocr_line' id='line_1_11' title="bbox 86 3211 1780 3306; baseline 0.001 -23"><span class='ocrx_word' id='word_1_48' title='bbox 86 3239 195 3298; x_wconf 90' lang='grc' dir='ltr'>τερον.</span> <span class='ocrx_word' id='word_1_49' title='bbox 240 3220 464 3299; x_wconf 84' lang='grc' dir='ltr'>ἐπιτιθεμένων</span> <span class='ocrx_word' id='word_1_50' title='bbox 488 3221 523 3284; x_wconf 81' lang='grc' dir='ltr'>δὲ</span> <span class='ocrx_word' id='word_1_51' title='bbox 546 3219 633 3306; x_wconf 81' lang='grc' dir='ltr'>αὐτῷ</span> <span class='ocrx_word' id='word_1_52' title='bbox 656 3225 746 3287; x_wconf 81' lang='grc' dir='ltr'>δυοῖν</span> <span class='ocrx_word' id='word_1_53' title='bbox 769 3227 838 3289; x_wconf 85' lang='grc' dir='ltr'>τοῖν</span> <span class='ocrx_word' id='word_1_54' title='bbox 862 3223 1065 3306; x_wconf 87' lang='grc' dir='ltr'>δμοδοόλοιν,</span> <span class='ocrx_word' id='word_1_55' title='bbox 1089 3225 1139 3287; x_wconf 87' lang='grc' dir='ltr'>καλ</span> <span class='ocrx_word' id='word_1_56' title='bbox 1161 3221 1239 3287; x_wconf 89' lang='grc' dir='ltr'>κατά</span> <span class='ocrx_word' id='word_1_57' title='bbox 1260 3242 1330 3287; x_wconf 90' lang='grc' dir='ltr'>τινα</span> <span class='ocrx_word' id='word_1_58' title='bbox 1352 3221 1443 3296; x_wconf 82' lang='grc' dir='ltr'>λόγια</span> <span class='ocrx_word' id='word_1_59' title='bbox 1465 3211 1780 3303; x_wconf 83' lang='grc' dir='ltr'>πονηρίᾳδιάσημον</span> 
     </span>
     <span class='ocr_line' id='line_1_12' title="bbox 88 3321 1781 3408; baseline 0.001 -23"><span class='ocrx_word' id='word_1_60' title='bbox 88 3321 347 3401; x_wconf 88' lang='grc' dir='ltr'>ἀλλαντοπώλην</span> <span class='ocrx_word' id='word_1_61' title='bbox 369 3323 594 3402; x_wconf 88' lang='grc' dir='ltr'>Ἀγοράκριτον</span> <span class='ocrx_word' id='word_1_62' title='bbox 622 3323 833 3404; x_wconf 87' lang='grc' dir='ltr'>ἐπαγόντοιν,</span> <span class='ocrx_word' id='word_1_63' title='bbox 862 3328 908 3404; x_wconf 91' lang='grc' dir='ltr'>ῶς</span> <span class='ocrx_word' id='word_1_64' title='bbox 937 3325 1153 3408; x_wconf 85' lang='grc' dir='ltr'>έπιτραπεὺση</span> <span class='ocrx_word' id='word_1_65' title='bbox 1176 3328 1233 3388; x_wconf 88' lang='grc' dir='ltr'>τοὺ</span> <span class='ocrx_word' id='word_1_66' title='bbox 1255 3323 1356 3401; x_wconf 90' lang='grc' dir='ltr'>δήμου</span> <span class='ocrx_word' id='word_1_67' title='bbox 1385 3327 1449 3386; x_wconf 90' lang='grc' dir='ltr'>τῶν</span> <span class='ocrx_word' id='word_1_68' title='bbox 1473 3321 1662 3400; x_wconf 88' lang='grc' dir='ltr'>Ἀθηναίων,</span> <span class='ocrx_word' id='word_1_69' title='bbox 1690 3323 1781 3387; x_wconf 90' lang='grc' dir='ltr'>αὑτοὶ</span> 
     </span>
     <span class='ocr_line' id='line_1_13' title="bbox 88 3421 1780 3508; baseline 0.001 -22"><span class='ocrx_word' id='word_1_70' title='bbox 88 3422 123 3486; x_wconf 88' lang='grc' dir='ltr'>οἱ</span> <span class='ocrx_word' id='word_1_71' title='bbox 146 3423 318 3502; x_wconf 90' lang='grc' dir='ltr'>Ἀθηναίων</span> <span class='ocrx_word' id='word_1_72' title='bbox 339 3425 456 3502; x_wconf 88' lang='grc' dir='ltr'>Ἱππεῖς</span> <span class='ocrx_word' id='word_1_73' title='bbox 480 3425 698 3504; x_wconf 78' lang='grc' dir='ltr'>συλλαβόντες</span> <span class='ocrx_word' id='word_1_74' title='bbox 721 3427 756 3492; x_wconf 89' lang='grc' dir='ltr'>ἐν</span> <span class='ocrx_word' id='word_1_75' title='bbox 779 3432 880 3508; x_wconf 83' lang='grc' dir='ltr'>χοροῦ</span> <span class='ocrx_word' id='word_1_76' title='bbox 904 3429 1039 3508; x_wconf 88' lang='grc' dir='ltr'>σχήματι</span> <span class='ocrx_word' id='word_1_77' title='bbox 1060 3425 1333 3506; x_wconf 88' lang='grc' dir='ltr'>παραφαίνονται·</span> <span class='ocrx_word' id='word_1_78' title='bbox 1360 3423 1417 3504; x_wconf 79' lang='grc' dir='ltr'>ὑφ’</span> <span class='ocrx_word' id='word_1_79' title='bbox 1439 3421 1487 3488; x_wconf 86' lang='grc' dir='ltr'>ῶν</span> <span class='ocrx_word' id='word_1_80' title='bbox 1509 3425 1780 3502; x_wconf 86' lang='grc' dir='ltr'>προπηλακιζόμε-</span> 
     </span>
     <span class='ocr_line' id='line_1_14' title="bbox 85 3524 1781 3608; baseline 0.001 -18"><span class='ocrx_word' id='word_1_81' title='bbox 85 3545 151 3603; x_wconf 90' lang='grc' dir='ltr'>νος</span> <span class='ocrx_word' id='word_1_82' title='bbox 174 3524 192 3588; x_wconf 90' lang='grc' dir='ltr'>ὁ</span> <span class='ocrx_word' id='word_1_83' title='bbox 217 3525 324 3591; x_wconf 86' lang='grc' dir='ltr'>Κλέων</span> <span class='ocrx_word' id='word_1_84' title='bbox 347 3525 531 3604; x_wconf 85' lang='grc' dir='ltr'>ἀγανακτεῖ,</span> <span class='ocrx_word' id='word_1_85' title='bbox 560 3527 610 3590; x_wconf 89' lang='grc' dir='ltr'>καὶ</span> <span class='ocrx_word' id='word_1_86' title='bbox 631 3530 801 3608; x_wconf 78' lang='grc' dir='ltr'>διενεχθεὶς</span> <span class='ocrx_word' id='word_1_87' title='bbox 823 3529 943 3608; x_wconf 79' lang='grc' dir='ltr'>ἱκανῶς</span> <span class='ocrx_word' id='word_1_88' title='bbox 965 3531 1037 3608; x_wconf 90' lang='grc' dir='ltr'>περὶ</span> <span class='ocrx_word' id='word_1_89' title='bbox 1059 3533 1116 3595; x_wconf 86' lang='grc' dir='ltr'>τοῦ</span> <span class='ocrx_word' id='word_1_90' title='bbox 1139 3527 1303 3608; x_wconf 88' lang='grc' dir='ltr'>ἀνῶτερος</span> <span class='ocrx_word' id='word_1_91' title='bbox 1325 3525 1493 3590; x_wconf 78' lang='grc' dir='ltr'>εἶναιτῶν</span> <span class='ocrx_word' id='word_1_92' title='bbox 1517 3525 1781 3604; x_wconf 80' lang='grc' dir='ltr'>ἐναντιουμένων,</span> 
     </span>
     <span class='ocr_line' id='line_1_15' title="bbox 88 3609 1782 3712; baseline -0.001 -19"><span class='ocrx_word' id='word_1_93' title='bbox 88 3630 182 3708; x_wconf 84' lang='grc' dir='ltr'>σφοῖς</span> <span class='ocrx_word' id='word_1_94' title='bbox 201 3627 246 3706; x_wconf 91' lang='grc' dir='ltr'>ῶς</span> <span class='ocrx_word' id='word_1_95' title='bbox 266 3609 540 3707; x_wconf 85' lang='grc' dir='ltr'>συνομωμοκότας</span> <span class='ocrx_word' id='word_1_96' title='bbox 555 3629 633 3694; x_wconf 87' lang='grc' dir='ltr'>κατὰ</span> <span class='ocrx_word' id='word_1_97' title='bbox 653 3633 711 3708; x_wconf 91' lang='grc' dir='ltr'>τῆς</span> <span class='ocrx_word' id='word_1_98' title='bbox 729 3631 859 3710; x_wconf 90' lang='grc' dir='ltr'>πόλεως</span> <span class='ocrx_word' id='word_1_99' title='bbox 881 3634 1042 3712; x_wconf 88' lang='grc' dir='ltr'>διαβαλῶν</span> <span class='ocrx_word' id='word_1_100' title='bbox 1058 3631 1143 3710; x_wconf 87' lang='grc' dir='ltr'>πρὸς</span> <span class='ocrx_word' id='word_1_101' title='bbox 1163 3631 1221 3708; x_wconf 86' lang='grc' dir='ltr'>τὴν</span> <span class='ocrx_word' id='word_1_102' title='bbox 1241 3629 1360 3708; x_wconf 86' lang='grc' dir='ltr'>βουλὴν</span> <span class='ocrx_word' id='word_1_103' title='bbox 1376 3626 1469 3692; x_wconf 90' lang='grc' dir='ltr'>ἵεται·</span> <span class='ocrx_word' id='word_1_104' title='bbox 1497 3627 1672 3705; x_wconf 83' lang='grc' dir='ltr'>διώξαντος</span> <span class='ocrx_word' id='word_1_105' title='bbox 1685 3629 1782 3692; x_wconf 83' lang='grc' dir='ltr'>δὲκαὶ</span> 
     </span>
     <span class='ocr_line' id='line_1_16' title="bbox 85 3725 1782 3814; baseline 0 -20"><span class='ocrx_word' id='word_1_106' title='bbox 85 3733 149 3794; x_wconf 89' lang='grc' dir='ltr'>τοὺ</span> <span class='ocrx_word' id='word_1_107' title='bbox 171 3729 427 3798; x_wconf 83' lang='grc' dir='ltr'>όλλαντοπώλδυ</span> <span class='ocrx_word' id='word_1_108' title='bbox 449 3731 528 3796; x_wconf 90' lang='grc' dir='ltr'>κατὰ</span> <span class='ocrx_word' id='word_1_109' title='bbox 548 3725 654 3809; x_wconf 87' lang='grc' dir='ltr'>πόδάς</span> <span class='ocrx_word' id='word_1_110' title='bbox 682 3732 712 3796; x_wconf 88' lang='grc' dir='ltr'>οἱ</span> <span class='ocrx_word' id='word_1_111' title='bbox 734 3733 852 3812; x_wconf 88' lang='grc' dir='ltr'>Ἱππεῖς</span> <span class='ocrx_word' id='word_1_112' title='bbox 873 3734 946 3814; x_wconf 91' lang='grc' dir='ltr'>περί</span> <span class='ocrx_word' id='word_1_113' title='bbox 967 3755 1001 3798; x_wconf 96' lang='grc' dir='ltr'>τε</span> <span class='ocrx_word' id='word_1_114' title='bbox 1022 3736 1081 3797; x_wconf 89' lang='grc' dir='ltr'>τοὺ</span> <span class='ocrx_word' id='word_1_115' title='bbox 1103 3733 1238 3810; x_wconf 84' lang='grc' dir='ltr'>ποιητοῦ</span> <span class='ocrx_word' id='word_1_116' title='bbox 1254 3750 1323 3795; x_wconf 93' lang='grc' dir='ltr'>τινα</span> <span class='ocrx_word' id='word_1_117' title='bbox 1338 3729 1387 3794; x_wconf 81' lang='grc' dir='ltr'>καὶ</span> <span class='ocrx_word' id='word_1_118' title='bbox 1401 3732 1447 3793; x_wconf 96' lang='grc' dir='ltr'>τῶ</span> <span class='ocrx_word' id='word_1_119' title='bbox 1460 3728 1666 3808; x_wconf 88' lang='grc' dir='ltr'>νπρογόνων,</span> <span class='ocrx_word' id='word_1_120' title='bbox 1688 3729 1782 3794; x_wconf 83' lang='grc' dir='ltr'>ἔτιδὲ</span> 
     </span>
     <span class='ocr_line' id='line_1_17' title="bbox 84 3831 1780 3916; baseline 0 -20"><span class='ocrx_word' id='word_1_121' title='bbox 84 3832 140 3896; x_wconf 89' lang='grc' dir='ltr'>καὶ</span> <span class='ocrx_word' id='word_1_122' title='bbox 155 3837 221 3897; x_wconf 93' lang='grc' dir='ltr'>τῶν</span> <span class='ocrx_word' id='word_1_123' title='bbox 242 3833 558 3909; x_wconf 90' lang='grc' dir='ltr'>συγκινδυνευόντων</span> <span class='ocrx_word' id='word_1_124' title='bbox 577 3835 692 3915; x_wconf 90' lang='grc' dir='ltr'>σφίσιν</span> <span class='ocrx_word' id='word_1_125' title='bbox 713 3834 764 3898; x_wconf 86' lang='grc' dir='ltr'>ἐπὶ</span> <span class='ocrx_word' id='word_1_126' title='bbox 786 3838 855 3914; x_wconf 89' lang='grc' dir='ltr'>ταῖς</span> <span class='ocrx_word' id='word_1_127' title='bbox 877 3836 990 3916; x_wconf 89' lang='grc' dir='ltr'>μάχαις</span> <span class='ocrx_word' id='word_1_128' title='bbox 1011 3835 1132 3910; x_wconf 85' lang='grc' dir='ltr'>ἵππων,</span> <span class='ocrx_word' id='word_1_129' title='bbox 1154 3833 1238 3915; x_wconf 89' lang='grc' dir='ltr'>πρός</span> <span class='ocrx_word' id='word_1_130' title='bbox 1259 3833 1337 3910; x_wconf 92' lang='grc' dir='ltr'>τοὺς</span> <span class='ocrx_word' id='word_1_131' title='bbox 1359 3832 1493 3910; x_wconf 83' lang='grc' dir='ltr'>πολίτας</span> <span class='ocrx_word' id='word_1_132' title='bbox 1516 3831 1700 3913; x_wconf 88' lang='grc' dir='ltr'>ἁδροτέρως</span> <span class='ocrx_word' id='word_1_133' title='bbox 1715 3837 1780 3896; x_wconf 88' lang='grc' dir='ltr'>δια-</span> 
     </span>
     <span class='ocr_line' id='line_1_18' title="bbox 85 3933 1781 4021; baseline 0 -23"><span class='ocrx_word' id='word_1_134' title='bbox 85 3935 246 4010; x_wconf 89' lang='grc' dir='ltr'>λέγονται.</span> <span class='ocrx_word' id='word_1_135' title='bbox 296 3935 315 3999; x_wconf 90' lang='grc' dir='ltr'>δ</span> <span class='ocrx_word' id='word_1_136' title='bbox 342 3936 377 3999; x_wconf 85' lang='grc' dir='ltr'>δὲ</span> <span class='ocrx_word' id='word_1_137' title='bbox 407 3935 660 4017; x_wconf 86' lang='grc' dir='ltr'>ἀλλαντοπώλης</span> <span class='ocrx_word' id='word_1_138' title='bbox 688 3939 973 4018; x_wconf 90' lang='grc' dir='ltr'>περιγεγενημένος</span> <span class='ocrx_word' id='word_1_139' title='bbox 1002 3938 1037 4003; x_wconf 88' lang='grc' dir='ltr'>ἐν</span> <span class='ocrx_word' id='word_1_140' title='bbox 1067 3937 1165 4021; x_wconf 81' lang='grc' dir='ltr'>βουλῇ</span> <span class='ocrx_word' id='word_1_141' title='bbox 1193 3936 1276 4014; x_wconf 87' lang='grc' dir='ltr'>μάλα</span> <span class='ocrx_word' id='word_1_142' title='bbox 1302 3933 1439 4012; x_wconf 88' lang='grc' dir='ltr'>γελοίως</span> <span class='ocrx_word' id='word_1_143' title='bbox 1466 3937 1525 3998; x_wconf 86' lang='grc' dir='ltr'>τοῦ</span> <span class='ocrx_word' id='word_1_144' title='bbox 1554 3934 1703 4012; x_wconf 88' lang='grc' dir='ltr'>Κλέωνος</span> <span class='ocrx_word' id='word_1_145' title='bbox 1731 3935 1781 3998; x_wconf 86' lang='grc' dir='ltr'>καὶ</span> 
     </span>
     <span class='ocr_line' id='line_1_19' title="bbox 85 4032 1781 4128; baseline 0.001 -28"><span class='ocrx_word' id='word_1_146' title='bbox 85 4037 341 4116; x_wconf 85' lang='grc' dir='ltr'>λοιδορούμενος</span> <span class='ocrx_word' id='word_1_147' title='bbox 370 4035 459 4115; x_wconf 87' lang='grc' dir='ltr'>αὖθις</span> <span class='ocrx_word' id='word_1_148' title='bbox 489 4032 576 4123; x_wconf 83' lang='grc' dir='ltr'>οίὺτῷ</span> <span class='ocrx_word' id='word_1_149' title='bbox 598 4040 826 4120; x_wconf 89' lang='grc' dir='ltr'>προσέρχεται·</span> <span class='ocrx_word' id='word_1_150' title='bbox 860 4040 1116 4119; x_wconf 89' lang='grc' dir='ltr'>έκκαλεσαμένου</span> <span class='ocrx_word' id='word_1_151' title='bbox 1139 4039 1174 4103; x_wconf 83' lang='grc' dir='ltr'>δέ</span> <span class='ocrx_word' id='word_1_152' title='bbox 1196 4041 1254 4102; x_wconf 87' lang='grc' dir='ltr'>τοὺ</span> <span class='ocrx_word' id='word_1_153' title='bbox 1279 4037 1428 4115; x_wconf 91' lang='grc' dir='ltr'>Κλέωνος</span> <span class='ocrx_word' id='word_1_154' title='bbox 1450 4037 1508 4102; x_wconf 88' lang='grc' dir='ltr'>τόν</span> <span class='ocrx_word' id='word_1_155' title='bbox 1531 4037 1656 4114; x_wconf 86' lang='grc' dir='ltr'>Δῆμον,</span> <span class='ocrx_word' id='word_1_156' title='bbox 1679 4053 1781 4128; x_wconf 85' lang='grc' dir='ltr'>προσ-</span> 
     </span>
     <span class='ocr_line' id='line_1_20' title="bbox 86 4137 1779 4222; baseline -0.001 -18"><span class='ocrx_word' id='word_1_157' title='bbox 86 4140 193 4204; x_wconf 88' lang='grc' dir='ltr'>ελθὼν</span> <span class='ocrx_word' id='word_1_158' title='bbox 216 4137 314 4217; x_wconf 85' lang='grc' dir='ltr'>οὗτος</span> <span class='ocrx_word' id='word_1_159' title='bbox 335 4139 578 4218; x_wconf 86' lang='grc' dir='ltr'>διαφερομένων</span> <span class='ocrx_word' id='word_1_160' title='bbox 601 4141 762 4220; x_wconf 86' lang='grc' dir='ltr'>ἀκροᾶται.</span> <span class='ocrx_word' id='word_1_161' title='bbox 806 4142 915 4220; x_wconf 92' lang='grc' dir='ltr'>λόγων</span> <span class='ocrx_word' id='word_1_162' title='bbox 938 4144 972 4207; x_wconf 82' lang='grc' dir='ltr'>δὲ</span> <span class='ocrx_word' id='word_1_163' title='bbox 994 4143 1128 4206; x_wconf 88' lang='grc' dir='ltr'>πολλῶν</span> <span class='ocrx_word' id='word_1_164' title='bbox 1150 4141 1336 4218; x_wconf 88' lang='grc' dir='ltr'>γενομένων</span> <span class='ocrx_word' id='word_1_165' title='bbox 1360 4139 1440 4203; x_wconf 90' lang='grc' dir='ltr'>κατὰ</span> <span class='ocrx_word' id='word_1_166' title='bbox 1454 4141 1511 4202; x_wconf 87' lang='grc' dir='ltr'>τοῦ</span> <span class='ocrx_word' id='word_1_167' title='bbox 1529 4139 1694 4222; x_wconf 83' lang='grc' dir='ltr'>Κλέωνος,</span> <span class='ocrx_word' id='word_1_168' title='bbox 1721 4141 1779 4202; x_wconf 87' lang='grc' dir='ltr'>τοῦ</span> 
     </span>
     <span class='ocr_line' id='line_1_21' title="bbox 85 4240 1780 4324; baseline 0 -18"><span class='ocrx_word' id='word_1_169' title='bbox 85 4241 312 4319; x_wconf 84' lang='grc' dir='ltr'>Ἀγορακρίτου</span> <span class='ocrx_word' id='word_1_170' title='bbox 347 4240 418 4318; x_wconf 81' lang='grc' dir='ltr'>μάλ’</span> <span class='ocrx_word' id='word_1_171' title='bbox 450 4241 612 4321; x_wconf 85' lang='grc' dir='ltr'>ἐντέχνως</span> <span class='ocrx_word' id='word_1_172' title='bbox 645 4247 716 4323; x_wconf 85' lang='grc' dir='ltr'>τοῖς</span> <span class='ocrx_word' id='word_1_173' title='bbox 753 4245 943 4324; x_wconf 86' lang='grc' dir='ltr'>ἐπινοήμασι</span> <span class='ocrx_word' id='word_1_174' title='bbox 975 4245 1025 4308; x_wconf 89' lang='grc' dir='ltr'>καὶ</span> <span class='ocrx_word' id='word_1_175' title='bbox 1052 4246 1121 4322; x_wconf 90' lang='grc' dir='ltr'>ταῖς</span> <span class='ocrx_word' id='word_1_176' title='bbox 1149 4242 1301 4320; x_wconf 85' lang='grc' dir='ltr'>θωπείαις</span> <span class='ocrx_word' id='word_1_177' title='bbox 1328 4241 1378 4306; x_wconf 88' lang='grc' dir='ltr'>καὶ</span> <span class='ocrx_word' id='word_1_178' title='bbox 1405 4240 1539 4319; x_wconf 88' lang='grc' dir='ltr'>προσέτι</span> <span class='ocrx_word' id='word_1_179' title='bbox 1566 4244 1635 4317; x_wconf 88' lang='grc' dir='ltr'>ταῖς</span> <span class='ocrx_word' id='word_1_180' title='bbox 1658 4240 1693 4304; x_wconf 90' lang='grc' dir='ltr'>έκ</span> <span class='ocrx_word' id='word_1_181' title='bbox 1714 4243 1780 4306; x_wconf 91' lang='grc' dir='ltr'>τῶν</span> 
     </span>
     <span class='ocr_line' id='line_1_22' title="bbox 84 4341 1779 4428; baseline -0.001 -22"><span class='ocrx_word' id='word_1_182' title='bbox 84 4342 209 4417; x_wconf 91' lang='grc' dir='ltr'>λογίων</span> <span class='ocrx_word' id='word_1_183' title='bbox 231 4341 425 4422; x_wconf 84' lang='grc' dir='ltr'>ὑπερβολαῖς</span> <span class='ocrx_word' id='word_1_184' title='bbox 448 4348 645 4423; x_wconf 84' lang='grc' dir='ltr'>κρατοῦντος</span> <span class='ocrx_word' id='word_1_185' title='bbox 675 4349 753 4412; x_wconf 91' lang='grc' dir='ltr'>κατὰ</span> <span class='ocrx_word' id='word_1_186' title='bbox 780 4348 890 4428; x_wconf 90' lang='grc' dir='ltr'>μικρὸν</span> <span class='ocrx_word' id='word_1_187' title='bbox 918 4349 987 4424; x_wconf 92' lang='grc' dir='ltr'>τοῖς</span> <span class='ocrx_word' id='word_1_188' title='bbox 1010 4345 1120 4423; x_wconf 92' lang='grc' dir='ltr'>λόγοις</span> <span class='ocrx_word' id='word_1_189' title='bbox 1149 4344 1167 4408; x_wconf 90' lang='grc' dir='ltr'>ὁ</span> <span class='ocrx_word' id='word_1_190' title='bbox 1190 4347 1303 4423; x_wconf 90' lang='grc' dir='ltr'>Δῆμος</span> <span class='ocrx_word' id='word_1_191' title='bbox 1327 4343 1566 4422; x_wconf 92' lang='grc' dir='ltr'>συνεφέλκεται.</span> <span class='ocrx_word' id='word_1_192' title='bbox 1609 4341 1779 4420; x_wconf 87' lang='grc' dir='ltr'>δείσαντος</span> 
     </span>
     <span class='ocr_line' id='line_1_23' title="bbox 84 4443 1778 4528; baseline -0.002 -18"><span class='ocrx_word' id='word_1_193' title='bbox 84 4446 124 4510; x_wconf 83' lang='grc' dir='ltr'>δὲ</span> <span class='ocrx_word' id='word_1_194' title='bbox 152 4448 211 4508; x_wconf 90' lang='grc' dir='ltr'>τοὺ</span> <span class='ocrx_word' id='word_1_195' title='bbox 241 4444 390 4523; x_wconf 87' lang='grc' dir='ltr'>Κλέωνος</span> <span class='ocrx_word' id='word_1_196' title='bbox 425 4445 499 4510; x_wconf 87' lang='grc' dir='ltr'>κάπὶ</span> <span class='ocrx_word' id='word_1_197' title='bbox 533 4447 569 4510; x_wconf 90' lang='grc' dir='ltr'>τό</span> <span class='ocrx_word' id='word_1_198' title='bbox 599 4447 751 4528; x_wconf 84' lang='grc' dir='ltr'>ψωμίῑειν</span> <span class='ocrx_word' id='word_1_199' title='bbox 780 4451 838 4514; x_wconf 88' lang='grc' dir='ltr'>τὸν</span> <span class='ocrx_word' id='word_1_200' title='bbox 861 4450 975 4527; x_wconf 90' lang='grc' dir='ltr'>Δῆμον</span> <span class='ocrx_word' id='word_1_201' title='bbox 1004 4447 1224 4526; x_wconf 88' lang='grc' dir='ltr'>ὁρμήσαντος,</span> <span class='ocrx_word' id='word_1_202' title='bbox 1253 4445 1476 4524; x_wconf 84' lang='grc' dir='ltr'>ἀντιψωμίζειν</span> <span class='ocrx_word' id='word_1_203' title='bbox 1498 4443 1614 4524; x_wconf 81' lang='grc' dir='ltr'>ἅτερος</span> <span class='ocrx_word' id='word_1_204' title='bbox 1635 4444 1778 4524; x_wconf 87' lang='grc' dir='ltr'>ἐγχειρεῖ.</span> 
     </span>
     <span class='ocr_line' id='line_1_24' title="bbox 83 4546 1779 4631; baseline 0 -21"><span class='ocrx_word' id='word_1_205' title='bbox 83 4546 140 4610; x_wconf 89' lang='grc' dir='ltr'>καὶ</span> <span class='ocrx_word' id='word_1_206' title='bbox 161 4546 255 4624; x_wconf 87' lang='grc' dir='ltr'>τέλος</span> <span class='ocrx_word' id='word_1_207' title='bbox 278 4549 337 4611; x_wconf 87' lang='grc' dir='ltr'>τοῦ</span> <span class='ocrx_word' id='word_1_208' title='bbox 360 4547 476 4625; x_wconf 88' lang='grc' dir='ltr'>Δήμου</span> <span class='ocrx_word' id='word_1_209' title='bbox 498 4549 555 4627; x_wconf 87' lang='grc' dir='ltr'>τὴν</span> <span class='ocrx_word' id='word_1_210' title='bbox 579 4549 732 4631; x_wconf 90' lang='grc' dir='ltr'>ἑκατέρου</span> <span class='ocrx_word' id='word_1_211' title='bbox 754 4552 863 4630; x_wconf 86' lang='grc' dir='ltr'>κίστην</span> <span class='ocrx_word' id='word_1_212' title='bbox 888 4551 1056 4627; x_wconf 74' lang='grc' dir='ltr'>συνέντας,</span> <span class='ocrx_word' id='word_1_213' title='bbox 1079 4548 1148 4613; x_wconf 82' lang='grc' dir='ltr'>εἶτα</span> <span class='ocrx_word' id='word_1_214' title='bbox 1169 4551 1226 4626; x_wconf 90' lang='grc' dir='ltr'>τῆς</span> <span class='ocrx_word' id='word_1_215' title='bbox 1249 4549 1305 4627; x_wconf 81' lang='grc' dir='ltr'>μὲν</span> <span class='ocrx_word' id='word_1_216' title='bbox 1328 4550 1434 4625; x_wconf 88' lang='grc' dir='ltr'>κενῆς,</span> <span class='ocrx_word' id='word_1_217' title='bbox 1456 4551 1514 4626; x_wconf 87' lang='grc' dir='ltr'>τῆς</span> <span class='ocrx_word' id='word_1_218' title='bbox 1537 4549 1572 4612; x_wconf 82' lang='grc' dir='ltr'>δὲ</span> <span class='ocrx_word' id='word_1_219' title='bbox 1593 4549 1652 4611; x_wconf 87' lang='grc' dir='ltr'>τοὺ</span> <span class='ocrx_word' id='word_1_220' title='bbox 1676 4546 1779 4612; x_wconf 91' lang='grc' dir='ltr'>Κλέω-</span> 
     </span>
     <span class='ocr_line' id='line_1_25' title="bbox 81 4647 1779 4732; baseline -0.001 -18"><span class='ocrx_word' id='word_1_221' title='bbox 81 4669 147 4726; x_wconf 91' lang='grc' dir='ltr'>νος</span> <span class='ocrx_word' id='word_1_222' title='bbox 170 4652 287 4726; x_wconf 87' lang='grc' dir='ltr'>μεστῆς</span> <span class='ocrx_word' id='word_1_223' title='bbox 311 4648 504 4728; x_wconf 89' lang='grc' dir='ltr'>εὑρεθείσης,</span> <span class='ocrx_word' id='word_1_224' title='bbox 528 4651 687 4732; x_wconf 80' lang='grc' dir='ltr'>ἐλεγχθεὶς</span> <span class='ocrx_word' id='word_1_225' title='bbox 711 4654 807 4732; x_wconf 87' lang='grc' dir='ltr'>αὑτός</span> <span class='ocrx_word' id='word_1_226' title='bbox 831 4653 878 4731; x_wconf 91' lang='grc' dir='ltr'>ῶς</span> <span class='ocrx_word' id='word_1_227' title='bbox 900 4655 1089 4732; x_wconf 84' lang='grc' dir='ltr'>περιφανῶς</span> <span class='ocrx_word' id='word_1_228' title='bbox 1111 4651 1150 4714; x_wconf 87' lang='grc' dir='ltr'>τὰ</span> <span class='ocrx_word' id='word_1_229' title='bbox 1171 4653 1229 4714; x_wconf 86' lang='grc' dir='ltr'>τοῦ</span> <span class='ocrx_word' id='word_1_230' title='bbox 1241 4650 1357 4729; x_wconf 89' lang='grc' dir='ltr'>Δήμου</span> <span class='ocrx_word' id='word_1_231' title='bbox 1379 4650 1536 4731; x_wconf 88' lang='grc' dir='ltr'>κλέπτων,</span> <span class='ocrx_word' id='word_1_232' title='bbox 1560 4647 1633 4713; x_wconf 78' lang='grc' dir='ltr'>εἴκει</span> <span class='ocrx_word' id='word_1_233' title='bbox 1655 4647 1779 4731; x_wconf 88' lang='grc' dir='ltr'>θατέρῳ</span> 
     </span>
     <span class='ocr_line' id='line_1_26' title="bbox 79 4749 1779 4832; baseline 0.001 -20"><span class='ocrx_word' id='word_1_234' title='bbox 79 4753 144 4827; x_wconf 89' lang='grc' dir='ltr'>τῆς</span> <span class='ocrx_word' id='word_1_235' title='bbox 167 4749 378 4829; x_wconf 87' lang='grc' dir='ltr'>έπιτροπείας.</span> <span class='ocrx_word' id='word_1_236' title='bbox 416 4753 493 4831; x_wconf 88' lang='grc' dir='ltr'>μετὰ</span> <span class='ocrx_word' id='word_1_237' title='bbox 514 4757 614 4819; x_wconf 84' lang='grc' dir='ltr'>ταῦτα</span> <span class='ocrx_word' id='word_1_238' title='bbox 635 4757 671 4821; x_wconf 82' lang='grc' dir='ltr'>δέ</span> <span class='ocrx_word' id='word_1_239' title='bbox 692 4760 750 4821; x_wconf 89' lang='grc' dir='ltr'>τοὺ</span> <span class='ocrx_word' id='word_1_240' title='bbox 773 4755 1029 4821; x_wconf 84' lang='grc' dir='ltr'>ἀλλαντοπώλου</span> <span class='ocrx_word' id='word_1_241' title='bbox 1050 4753 1108 4818; x_wconf 88' lang='grc' dir='ltr'>τὸν</span> <span class='ocrx_word' id='word_1_242' title='bbox 1124 4754 1238 4831; x_wconf 88' lang='grc' dir='ltr'>Δῆμον</span> <span class='ocrx_word' id='word_1_243' title='bbox 1261 4751 1507 4832; x_wconf 86' lang='grc' dir='ltr'>ἀφεψήσαντος,</span> <span class='ocrx_word' id='word_1_244' title='bbox 1531 4749 1599 4816; x_wconf 79' lang='grc' dir='ltr'>εἶτα</span> <span class='ocrx_word' id='word_1_245' title='bbox 1618 4753 1779 4829; x_wconf 86' lang='grc' dir='ltr'>νεώτερον</span> 
     </span>
     <span class='ocr_line' id='line_1_27' title="bbox 81 4849 1779 4938; baseline 0.001 -22"><span class='ocrx_word' id='word_1_246' title='bbox 81 4849 220 4929; x_wconf 82' lang='grc' dir='ltr'>ἐξαυτῆς</span> <span class='ocrx_word' id='word_1_247' title='bbox 243 4851 288 4931; x_wconf 86' lang='grc' dir='ltr'>εἰς</span> <span class='ocrx_word' id='word_1_248' title='bbox 309 4853 496 4933; x_wconf 83' lang='grc' dir='ltr'>τούμφανὲς</span> <span class='ocrx_word' id='word_1_249' title='bbox 518 4857 678 4932; x_wconf 91' lang='grc' dir='ltr'>γεγονότα</span> <span class='ocrx_word' id='word_1_250' title='bbox 698 4857 921 4938; x_wconf 88' lang='grc' dir='ltr'>προάγοντος,</span> <span class='ocrx_word' id='word_1_251' title='bbox 953 4858 1060 4921; x_wconf 92' lang='grc' dir='ltr'>Κλέων</span> <span class='ocrx_word' id='word_1_252' title='bbox 1083 4855 1303 4934; x_wconf 91' lang='grc' dir='ltr'>περικείμενος</span> <span class='ocrx_word' id='word_1_253' title='bbox 1326 4855 1385 4932; x_wconf 88' lang='grc' dir='ltr'>τὴν</span> <span class='ocrx_word' id='word_1_254' title='bbox 1408 4851 1635 4932; x_wconf 86' lang='grc' dir='ltr'>Ἀγορακρίτου</span> <span class='ocrx_word' id='word_1_255' title='bbox 1658 4853 1779 4930; x_wconf 88' lang='grc' dir='ltr'>σκευὴν</span> 
     </span>
     <span class='ocr_line' id='line_1_28' title="bbox 80 4947 1778 5050; baseline -0.001 -32"><span class='ocrx_word' id='word_1_256' title='bbox 80 4955 139 5018; x_wconf 87' lang='grc' dir='ltr'>ἐπὶ</span> <span class='ocrx_word' id='word_1_257' title='bbox 160 4958 458 5041; x_wconf 86' lang='grc' dir='ltr'>παραδειγματισμῷ</span> <span class='ocrx_word' id='word_1_258' title='bbox 486 4958 538 5022; x_wconf 90' lang='grc' dir='ltr'>διὰ</span> <span class='ocrx_word' id='word_1_259' title='bbox 559 4960 660 5050; x_wconf 65' lang='grc' dir='ltr'>μέσης</span> <span class='ocrx_word' id='word_1_260' title='bbox 682 4959 812 5038; x_wconf 89' lang='grc' dir='ltr'>πόλεως</span> <span class='ocrx_word' id='word_1_261' title='bbox 835 4959 1098 5024; x_wconf 81' lang='grc' dir='ltr'>ἀλλαντοπωλῶν</span> <span class='ocrx_word' id='word_1_262' title='bbox 1122 4957 1186 5026; x_wconf 86' lang='grc' dir='ltr'>ἀνὰ</span> <span class='ocrx_word' id='word_1_263' title='bbox 1214 4957 1312 5038; x_wconf 91' lang='grc' dir='ltr'>μέρος</span> <span class='ocrx_word' id='word_1_264' title='bbox 1340 4957 1389 5020; x_wconf 92' lang='grc' dir='ltr'>καί</span> <span class='ocrx_word' id='word_1_265' title='bbox 1410 4955 1558 5040; x_wconf 83' lang='grc' dir='ltr'>τῇτέχνῃ</span> <span class='ocrx_word' id='word_1_266' title='bbox 1573 4947 1778 5038; x_wconf 86' lang='grc' dir='ltr'>χρησάμενος</span> 
     </span>
    </p>
   </div>
   <div class='ocr_carea' id='block_1_8' title="bbox 74 5193 1778 5741">
    <p class='ocr_par' dir='ltr' id='par_1_8' title="bbox 74 5193 1778 5741">
     <span class='ocr_line' id='line_1_29' title="bbox 171 5193 1777 5263; baseline -0.002 -15"><span class='ocrx_word' id='word_1_267' title='bbox 171 5203 180 5229; x_wconf 73' lang='lat'>²</span> <span class='ocrx_word' id='word_1_268' title='bbox 198 5194 452 5249; x_wconf 90' lang='grc' dir='ltr'>ΔΗΜΟΣΘΕΝΗΣ.</span> <span class='ocrx_word' id='word_1_269' title='bbox 477 5194 599 5248; x_wconf 89' lang='grc' dir='ltr'>ΝΙΚΙΑΣ.</span> <span class='ocrx_word' id='word_1_270' title='bbox 616 5225 648 5233; x_wconf 93' lang='lat'><em>-</em></span> <span class='ocrx_word' id='word_1_271' title='bbox 665 5196 798 5263; x_wconf 83' lang='grc' dir='ltr'>ΚΛΕΩΝ.]</span> <span class='ocrx_word' id='word_1_272' title='bbox 813 5199 878 5248; x_wconf 79' lang='lat' dir='ltr'>Tris</span> <span class='ocrx_word' id='word_1_273' title='bbox 896 5198 965 5250; x_wconf 78' lang='lat' dir='ltr'>haee</span> <span class='ocrx_word' id='word_1_274' title='bbox 982 5199 1093 5250; x_wconf 81' lang='lat' dir='ltr'>nomina</span> <span class='ocrx_word' id='word_1_275' title='bbox 1109 5213 1162 5249; x_wconf 89' lang='lat' dir='ltr'>non</span> <span class='ocrx_word' id='word_1_276' title='bbox 1174 5197 1305 5262; x_wconf 81' lang='lat' dir='ltr'>leguntur</span> <span class='ocrx_word' id='word_1_277' title='bbox 1317 5197 1346 5246; x_wconf 91' lang='lat' dir='ltr'>in</span> <span class='ocrx_word' id='word_1_278' title='bbox 1358 5195 1410 5246; x_wconf 84' lang='lat' dir='ltr'>hue</span> <span class='ocrx_word' id='word_1_279' title='bbox 1424 5195 1526 5258; x_wconf 80' lang='lat' dir='ltr'>fabule,</span> <span class='ocrx_word' id='word_1_280' title='bbox 1541 5195 1629 5246; x_wconf 85' lang='lat' dir='ltr'>sedin</span> <span class='ocrx_word' id='word_1_281' title='bbox 1642 5193 1777 5260; x_wconf 83' lang='lat' dir='ltr'>exemple-</span> 
     </span>
     <span class='ocr_line' id='line_1_30' title="bbox 77 5257 1778 5332; baseline -0.003 -16"><span class='ocrx_word' id='word_1_282' title='bbox 77 5264 161 5316; x_wconf 88' lang='lat' dir='ltr'>ribus</span> <span class='ocrx_word' id='word_1_283' title='bbox 177 5265 212 5315; x_wconf 84' lang='lat' dir='ltr'>nh</span> <span class='ocrx_word' id='word_1_284' title='bbox 224 5266 407 5331; x_wconf 75' lang='lat' dir='ltr'>Aristophane</span> <span class='ocrx_word' id='word_1_285' title='bbox 425 5265 604 5316; x_wconf 81' lang='lat' dir='ltr'>histrionibus</span> <span class='ocrx_word' id='word_1_286' title='bbox 621 5266 731 5316; x_wconf 84' lang='lat' dir='ltr'>truditis</span> <span class='ocrx_word' id='word_1_287' title='bbox 748 5267 876 5318; x_wconf 78' lang='lat' dir='ltr'>latebunt</span> <span class='ocrx_word' id='word_1_288' title='bbox 893 5268 943 5317; x_wconf 82' lang='lat' dir='ltr'>suh</span> <span class='ocrx_word' id='word_1_289' title='bbox 962 5268 1086 5332; x_wconf 87' lang='lat' dir='ltr'>personis</span> <span class='ocrx_word' id='word_1_290' title='bbox 1104 5262 1221 5319; x_wconf 88' lang='grc' dir='ltr'>Οἰκέτου</span> <span class='ocrx_word' id='word_1_291' title='bbox 1238 5260 1272 5328; x_wconf 86' lang='grc' dir='ltr'>α’,</span> <span class='ocrx_word' id='word_1_292' title='bbox 1297 5261 1415 5315; x_wconf 82' lang='grc' dir='ltr'>Οἰκέτου</span> <span class='ocrx_word' id='word_1_293' title='bbox 1428 5257 1450 5326; x_wconf 87' lang='grc' dir='ltr'>β’</span> <span class='ocrx_word' id='word_1_294' title='bbox 1468 5269 1497 5314; x_wconf 86' lang='lat' dir='ltr'>et</span> <span class='ocrx_word' id='word_1_295' title='bbox 1509 5262 1706 5327; x_wconf 86' lang='grc' dir='ltr'>Παφλαγόνος,</span> <span class='ocrx_word' id='word_1_296' title='bbox 1725 5263 1778 5314; x_wconf 82' lang='lat' dir='ltr'>etsi</span> 
     </span>
     <span class='ocr_line' id='line_1_31' title="bbox 76 5323 1778 5400; baseline -0.004 -14"><span class='ocrx_word' id='word_1_297' title='bbox 76 5337 257 5399; x_wconf 69' lang='lat' dir='ltr'><strong>spectatores</strong></span> <span class='ocrx_word' id='word_1_298' title='bbox 269 5335 365 5398; x_wconf 66' lang='lat' dir='ltr'>stetim</span> <span class='ocrx_word' id='word_1_299' title='bbox 377 5333 572 5398; x_wconf 79' lang='lat' dir='ltr'>intelligebant</span> <span class='ocrx_word' id='word_1_300' title='bbox 584 5332 761 5397; x_wconf 87' lang='grc' dir='ltr'>Παφλαγόνα</span> <span class='ocrx_word' id='word_1_301' title='bbox 774 5333 905 5386; x_wconf 83' lang='lat' dir='ltr'>Cleonem</span> <span class='ocrx_word' id='word_1_302' title='bbox 917 5350 985 5399; x_wconf 82' lang='lat' dir='ltr'>esse,</span> <span class='ocrx_word' id='word_1_303' title='bbox 998 5351 1086 5400; x_wconf 83' lang='lat' dir='ltr'>neque</span> <span class='ocrx_word' id='word_1_304' title='bbox 1099 5336 1242 5386; x_wconf 86' lang='lat' dir='ltr'>obscurum</span> <span class='ocrx_word' id='word_1_305' title='bbox 1254 5337 1314 5382; x_wconf 83' lang='lat' dir='ltr'>erst</span> <span class='ocrx_word' id='word_1_306' title='bbox 1326 5329 1440 5397; x_wconf 84' lang='grc' dir='ltr'>οἰκέτην</span> <span class='ocrx_word' id='word_1_307' title='bbox 1452 5323 1477 5383; x_wconf 83' lang='grc' dir='ltr'>α’</span> <span class='ocrx_word' id='word_1_308' title='bbox 1491 5337 1519 5382; x_wconf 88' lang='lat' dir='ltr'>et</span> <span class='ocrx_word' id='word_1_309' title='bbox 1532 5323 1555 5394; x_wconf 87' lang='grc' dir='ltr'>β’</span> <span class='ocrx_word' id='word_1_310' title='bbox 1567 5332 1778 5382; x_wconf 82' lang='lat' dir='ltr'>Demosthenem</span> 
     </span>
     <span class='ocr_line' id='line_1_32' title="bbox 78 5399 1776 5468; baseline -0.003 -16"><span class='ocrx_word' id='word_1_311' title='bbox 78 5407 111 5452; x_wconf 86' lang='lat' dir='ltr'>et</span> <span class='ocrx_word' id='word_1_312' title='bbox 130 5401 253 5462; x_wconf 80' lang='lat' dir='ltr'>Niciam,</span> <span class='ocrx_word' id='word_1_313' title='bbox 271 5403 411 5466; x_wconf 79' lang='lat' dir='ltr'>copiarum</span> <span class='ocrx_word' id='word_1_314' title='bbox 427 5401 637 5452; x_wconf 86' lang='lat' dir='ltr'>Atheniensium</span> <span class='ocrx_word' id='word_1_315' title='bbox 654 5402 752 5465; x_wconf 81' lang='lat' dir='ltr'>(luces,</span> <span class='ocrx_word' id='word_1_316' title='bbox 776 5407 995 5468; x_wconf 79' lang='lat' dir='ltr'>repraesentare.</span> <span class='ocrx_word' id='word_1_317' title='bbox 1031 5404 1097 5468; x_wconf 80' lang='lat' dir='ltr'>Ipse</span> <span class='ocrx_word' id='word_1_318' title='bbox 1109 5401 1310 5462; x_wconf 83' lang='lat' dir='ltr'>Demosthenis,</span> <span class='ocrx_word' id='word_1_319' title='bbox 1329 5401 1427 5452; x_wconf 79' lang='lat' dir='ltr'>Niciae</span> <span class='ocrx_word' id='word_1_320' title='bbox 1444 5407 1472 5452; x_wconf 86' lang='lat' dir='ltr'>et</span> <span class='ocrx_word' id='word_1_321' title='bbox 1485 5400 1597 5452; x_wconf 85' lang='lat' dir='ltr'>Cleonis</span> <span class='ocrx_word' id='word_1_322' title='bbox 1614 5399 1724 5450; x_wconf 89' lang='lat' dir='ltr'>nomine</span> <span class='ocrx_word' id='word_1_323' title='bbox 1741 5400 1776 5448; x_wconf 85' lang='lat' dir='ltr'>ab</span> 
     </span>
     <span class='ocr_line' id='line_1_33' title="bbox 76 5468 1776 5536; baseline -0.002 -16"><span class='ocrx_word' id='word_1_324' title='bbox 76 5470 271 5536; x_wconf 71' lang='lat' dir='ltr'>grammaticis</span> <span class='ocrx_word' id='word_1_325' title='bbox 289 5469 396 5520; x_wconf 84' lang='lat' dir='ltr'>demum</span> <span class='ocrx_word' id='word_1_326' title='bbox 408 5469 602 5520; x_wconf 81' lang='lat' dir='ltr'>Alexandrinis</span> <span class='ocrx_word' id='word_1_327' title='bbox 620 5485 675 5519; x_wconf 91' lang='lat' dir='ltr'>non</span> <span class='ocrx_word' id='word_1_328' title='bbox 692 5475 891 5535; x_wconf 81' lang='lat' dir='ltr'>spectatorum,</span> <span class='ocrx_word' id='word_1_329' title='bbox 910 5473 956 5536; x_wconf 91' lang='lat' dir='ltr'>qui</span> <span class='ocrx_word' id='word_1_330' title='bbox 973 5471 1043 5522; x_wconf 88' lang='lat' dir='ltr'>nulli</span> <span class='ocrx_word' id='word_1_331' title='bbox 1061 5477 1118 5521; x_wconf 83' lang='lat' dir='ltr'>ium</span> <span class='ocrx_word' id='word_1_332' title='bbox 1130 5470 1262 5535; x_wconf 84' lang='lat' dir='ltr'>temporis</span> <span class='ocrx_word' id='word_1_333' title='bbox 1279 5473 1366 5528; x_wconf 80' lang='lat' dir='ltr'>oraui,</span> <span class='ocrx_word' id='word_1_334' title='bbox 1385 5468 1434 5518; x_wconf 84' lang='lat' dir='ltr'>sed</span> <span class='ocrx_word' id='word_1_335' title='bbox 1446 5468 1577 5519; x_wconf 81' lang='lat' dir='ltr'>lectorum</span> <span class='ocrx_word' id='word_1_336' title='bbox 1590 5483 1688 5518; x_wconf 82' lang='lat' dir='ltr'>caussa</span> <span class='ocrx_word' id='word_1_337' title='bbox 1699 5481 1776 5531; x_wconf 83' lang='lat' dir='ltr'>prse-</span> 
     </span>
     <span class='ocr_line' id='line_1_34' title="bbox 75 5535 1777 5604; baseline -0.002 -16"><span class='ocrx_word' id='word_1_338' title='bbox 75 5537 191 5602; x_wconf 81' lang='lat' dir='ltr'>scripta</span> <span class='ocrx_word' id='word_1_339' title='bbox 204 5543 279 5595; x_wconf 88' lang='lat' dir='ltr'>sunt,</span> <span class='ocrx_word' id='word_1_340' title='bbox 292 5543 324 5588; x_wconf 87' lang='lat' dir='ltr'>ut</span> <span class='ocrx_word' id='word_1_341' title='bbox 335 5555 370 5588; x_wconf 86' lang='lat' dir='ltr'>ex</span> <span class='ocrx_word' id='word_1_342' title='bbox 381 5535 514 5589; x_wconf 81' lang='grc' dir='ltr'>ὑποθέσει</span> <span class='ocrx_word' id='word_1_343' title='bbox 526 5539 612 5588; x_wconf 81' lang='lat' dir='ltr'>tertie</span> <span class='ocrx_word' id='word_1_344' title='bbox 624 5537 892 5604; x_wconf 79' lang='lat' dir='ltr'>scholiastarumque</span> <span class='ocrx_word' id='word_1_345' title='bbox 903 5541 1130 5591; x_wconf 76' lang='lat' dir='ltr'>annotationibus</span> <span class='ocrx_word' id='word_1_346' title='bbox 1143 5536 1236 5603; x_wconf 86' lang='lat' dir='ltr'>colligi</span> <span class='ocrx_word' id='word_1_347' title='bbox 1249 5541 1354 5604; x_wconf 81' lang='lat' dir='ltr'>potest:</span> <span class='ocrx_word' id='word_1_348' title='bbox 1369 5535 1401 5586; x_wconf 82' lang='lat' dir='ltr'>tle</span> <span class='ocrx_word' id='word_1_349' title='bbox 1416 5552 1468 5601; x_wconf 88' lang='lat' dir='ltr'>quo</span> <span class='ocrx_word' id='word_1_350' title='bbox 1482 5537 1539 5586; x_wconf 80' lang='lat' dir='ltr'>dixi</span> <span class='ocrx_word' id='word_1_351' title='bbox 1551 5535 1777 5586; x_wconf 82' lang='lat' dir='ltr'>innnnotationi-</span> 
     </span>
     <span class='ocr_line' id='line_1_35' title="bbox 74 5603 1776 5672; baseline -0.003 -15"><span class='ocrx_word' id='word_1_352' title='bbox 74 5607 134 5657; x_wconf 90' lang='lat' dir='ltr'>bus</span> <span class='ocrx_word' id='word_1_353' title='bbox 148 5606 351 5657; x_wconf 80' lang='lat' dir='ltr'>oxoniensibus</span> <span class='ocrx_word' id='word_1_354' title='bbox 365 5621 390 5670; x_wconf 86' lang='lat' dir='ltr'>p.</span> <span class='ocrx_word' id='word_1_355' title='bbox 404 5607 462 5658; x_wconf 76' lang='lat'><strong>291.</strong></span> <span class='ocrx_word' id='word_1_356' title='bbox 497 5607 639 5656; x_wconf 83' lang='lat' dir='ltr'>Isieisrius</span> <span class='ocrx_word' id='word_1_357' title='bbox 652 5603 877 5658; x_wconf 81' lang='grc' dir='ltr'>ἀλλαντοπώλου</span> <span class='ocrx_word' id='word_1_358' title='bbox 890 5608 999 5659; x_wconf 88' lang='lat' dir='ltr'>nomine</span> <span class='ocrx_word' id='word_1_359' title='bbox 1013 5607 1184 5672; x_wconf 77' lang='lat' dir='ltr'>appellativo</span> <span class='ocrx_word' id='word_1_360' title='bbox 1198 5605 1359 5670; x_wconf 79' lang='lat' dir='ltr'>designetur</span> <span class='ocrx_word' id='word_1_361' title='bbox 1371 5621 1458 5670; x_wconf 86' lang='lat' dir='ltr'>usque</span> <span class='ocrx_word' id='word_1_362' title='bbox 1471 5605 1507 5656; x_wconf 88' lang='grc' dir='ltr'>ιιι1</span> <span class='ocrx_word' id='word_1_363' title='bbox 1520 5620 1626 5656; x_wconf 85' lang='lat' dir='ltr'>versum</span> <span class='ocrx_word' id='word_1_364' title='bbox 1641 5605 1715 5654; x_wconf 74' lang='lat'><strong>1257.</strong></span> <span class='ocrx_word' id='word_1_365' title='bbox 1730 5603 1776 5654; x_wconf 90' lang='lat' dir='ltr'>uhi</span> 
     </span>
     <span class='ocr_line' id='line_1_36' title="bbox 74 5671 843 5741; baseline 0.001 -16"><span class='ocrx_word' id='word_1_366' title='bbox 74 5689 182 5725; x_wconf 86' lang='lat' dir='ltr'>nomen</span> <span class='ocrx_word' id='word_1_367' title='bbox 196 5675 249 5724; x_wconf 90' lang='lat' dir='ltr'>sihi</span> <span class='ocrx_word' id='word_1_368' title='bbox 261 5675 408 5740; x_wconf 81' lang='lat' dir='ltr'>proprium,</span> <span class='ocrx_word' id='word_1_369' title='bbox 422 5671 625 5739; x_wconf 81' lang='grc' dir='ltr'>Ἀγοράκριτος,</span> <span class='ocrx_word' id='word_1_370' title='bbox 638 5673 728 5741; x_wconf 87' lang='grc' dir='ltr'>Δὴμιμ</span> <span class='ocrx_word' id='word_1_371' title='bbox 743 5676 843 5741; x_wconf 77' lang='lat' dir='ltr'>prodit.</span> 
     </span>
    </p>
   </div>
   <div class='ocr_carea' id='block_1_9' title="bbox 0 0 2102 6608">
    <p class='ocr_par' dir='ltr' id='par_1_9' title="bbox 0 0 2102 6608">
     <span class='ocr_line' id='line_1_37' title="bbox 0 0 2102 6608; baseline 0 5"><span class='ocrx_word' id='word_1_372' title='bbox 0 0 2102 6608; x_wconf 95' lang='lat' dir='ltr'> </span> 
     </span>
    </p>
   </div>
  </div>
 </body>
</html>
