4372 6614
783 1473 1444 1619 Punnsnuro'

278 1933 426 1986 Poetarum
453 1934 623 1987 scenicorum
650 1933 762 1988 fabulae
785 1933 880 2001 paucis
908 1933 944 1988 ad
966 1933 1062 1986 nostra
1157 1933 1858 1990 (ΥΔΩΠΥΡΟΕΔΕΕΠΟΙΝΑΔΗΜΗΤΡΟΕΚΟΡΗ

224 2018 355 2083 tempora
382 2015 523 2070 codicibus
553 2017 756 2084 antiquioribus
785 2021 848 2071 sunt
876 2019 1060 2085 propagatae,
1157 2017 1879 2074 ΗΦΑΙΕΤΕΤΕΠΕΠΡΕΥΜΕΝΕΙΕΔΟΜΟΙΕΕΜΟΙ(

224 2115 342 2168 quorum
360 2100 479 2154 indicem
503 2101 576 2154 inira
598 2099 690 2169 posui,
715 2101 822 2154 omissis
845 2103 892 2169 qui
915 2100 984 2154 nulli
1002 2101 1060 2153 sere
1244 2097 1760 2158 ΤΑΛΑΙΝΕΓΩΤΑΛΑΙΝΑΠΟΙΠὈΔΑ

224 2184 285 2236 usui
298 2186 361 2238 strat
369 2183 529 2252 Byzantinis
543 2185 658 2240 duorum
672 2187 875 2254 postremorum
889 2195 954 2240 anie
966 2186 1058 2238 iuven·
1245 2185 1674 2240 ΠΤΕΡΟΕΝΤΑΚΑΤΑΣΤΑΣΩ

224 2269 285 2321 iarn
303 2271 392 2324 artem
411 2269 643 2338 typographicam
657 2269 812 2322 seculorum
826 2270 975 2336 codicibus,
994 2285 1059 2336 que·
1087 2271 1115 2324 et
1132 2271 1197 2338 post
1214 2269 1335 2336 reliquos
1353 2268 1433 2322 huius
1452 2267 1552 2323 cantici
1566 2284 1662 2322 versus
1679 2270 1786 2337 septem
1804 2270 1905 2324 iterum

224 2368 286 2404 rum
315 2369 379 2421 pars
401 2354 484 2422 longe
511 2353 633 2407 maxima
658 2369 713 2406 non
742 2354 817 2407 ultra
841 2356 898 2406 tres
920 2353 1059 2422 primas*)
1154 2341 1787 2409 eurctanaiuamuartsteuraitatii

225 2435 356 2504 cuiusque
383 2439 485 2506 poetae
507 2437 617 2490 fabulas
645 2441 688 2490 est
712 2455 872 2506 progressu,
900 2455 933 2492 ex
961 2439 1060 2506 quibus
1261 2438 1522 2492 ΩΚΕΑΝΟΥΚΟΡΑ

225 2518 347 2574 editores
364 2520 461 2575 labore
481 2537 566 2590 quam
583 2523 676 2575 fructu
688 2522 793 2576 maiore
811 2522 975 2576 immensam
988 2539 1060 2576 com-
1260 2522 1640 2577 uateocieiueocuscs
1660 2523 1712 2576 cet.

225 2606 377 2671 posuerunt
394 2605 517 2660 diversae
536 2605 689 2675 scripturae
707 2607 890 2675 farraginem,
910 2623 993 2674 quam
1012 2606 1060 2659 mi-
1087 2605 1230 2674 Scriptura
1247 2605 1308 2674 ipsa
1325 2605 1377 2659 etsi
1394 2604 1469 2658 vitiis
1485 2604 1577 2660 libera
1594 2623 1648 2670 non
1667 2608 1719 2671 est,
1737 2607 1831 2661 mmen
1847 2624 1921 2662 erro-

223 2688 361 2741 nuendam
386 2689 478 2758 potius
506 2707 589 2757 quam
618 2691 887 2758 augendanr'iuisse
913 2691 996 2744 hodie
1024 2692 1059 2744 ab
1087 2706 1130 2743 res
1148 2689 1304 2759 apographi
1323 2689 1358 2744 ab
1377 2689 1496 2752 Henrieo
1514 2689 1598 2743 Hesio
1616 2687 1696 2755 sacti,
1715 2707 1769 2758 quo
1787 2691 1923 2746 Matthiae

225 2772 352 2826 omnibus
369 2774 537 2828 conceditur.
1088 2790 1152 2826 usus
1172 2777 1226 2840 cst,
1252 2773 1346 2843 aliqua
1364 2791 1397 2827 ex
1415 2776 1496 2842 parte
1514 2773 1626 2842 legendi
1645 2773 1747 2828 codicis
1765 2774 1923 2830 difficultati

278 2857 352 2912 Inter
369 2858 455 2911 libros
473 2856 644 2926 antiquiores
661 2859 766 2926 prinum
786 2858 860 2933 loeas
878 2859 997 2912 debetur
1015 2875 1058 2912 oo·
1086 2859 1179 2928 polius
1197 2875 1281 2928 quam
1298 2858 1413 2912 librario
1430 2856 1588 2926 imputandi
1606 2873 1666 2911 esse
1684 2857 1827 2923 videntur,
1847 2859 1923 2914 velut

226 2939 280 2994 dici
297 2941 484 3010 Epistularum
502 2943 682 2997 Paulinarum
699 2942 825 2996 Parisino
844 2943 1059 2998 Claromoniano
1086 2943 1114 2996 in
1133 2961 1213 2996 versu
1236 2942 1380 3008 secundo„
1393 2941 1442 2996 ubi
1463 2941 1593 2995 librarius
1615 2941 1749 2996 fortassee
1773 2942 1922 3012 scripserat

226 3031 282 3078 rei.
302 3025 377 3079 cuius
396 3025 467 3080 loliis
486 3033 542 3080 161.
564 3033 619 3082 163.
639 3043 672 3082 ex
690 3025 746 3080 alio
765 3026 859 3080 codice
877 3026 1059 3081 desectusex-
1087 3029 1160 3094 quod
1179 3043 1232 3098 ego
1251 3027 1287 3084 ab
1305 3027 1335 3080 L.
1352 3026 1495 3080 Dindorfio
1518 3026 1627 3079 erutum
1649 3017 1758 3078 ristitni
1781 3027 1922 3093 Ἥφαιστε

224 3107 319 3177 plendi
341 3125 440 3163 caussa
460 3107 571 3164 insertis
597 3112 691 3181 ampla
716 3111 898 3166 Phaethontis
919 3111 1059 3182 Euripidis
1086 3115 1183 3166 τέῖτε
1197 3117 1375 3180 πρευμενεῖς,
1394 3127 1449 3165 non
1468 3110 1543 3177 qnod
1560 3109 1662 3164 Hosius
1681 3125 1793 3164 cernere
1810 3109 1863 3164 sibi
1881 3109 1921 3164 vi-

224 3195 383 3261 Iragmcnta
396 3197 460 3248 sunt
472 3197 590 3262 servata,
604 3195 707 3262 seculo,
720 3196 878 3260 utvidstur,
891 3195 988 3262 quinto
1000 3213 1058 3250 sex·
1087 3214 1132 3250 sus
1151 3197 1212 3249 erat
1231 3195 1699 3260 uesictssiuesusrrusesic,
1724 3195 1774 3248 aut
1790 3194 1866 3262 quod
1885 3195 1921 3249 ab

225 3279 289 3330 tore
310 3277 428 3346 scripta,
453 3277 553 3346 quibus
573 3280 712 3349 posterior
732 3281 817 3334 seculi
841 3279 941 3334 decimi
962 3278 1060 3334 marius
1086 3281 1140 3335 alio
1159 3299 1192 3334 ex
1209 3280 1369 3334 coniectura
1386 3277 1568 3332 substitutum
1587 3279 1630 3332 est
1648 3279 1788 3344 Ἣφαιστὲ
1806 3282 1833 3332 τ’
1850 3279 1922 3348 εἴητ’

224 3360 316 3414 deleta
332 3364 467 3430 quantum
484 3363 542 3416 fieri
558 3366 671 3434 poterat
687 3365 824 3433 scriptura
836 3365 929 3433 priore
949 3367 1058 3432 partem
1087 3367 1225 3430 εὐμενεῖς,
1248 3362 1384 3431 neglectis
1401 3360 1531 3416 adiectisi
1553 3367 1719 3430 πρευμενεῖς
1736 3361 1861 3432 vestigiis
1878 3379 1920 3416 sa-

225 3443 347 3512 aliquam
360 3445 504 3515 Epistolae
517 3449 536 3500 I.
555 3447 591 3501 ad
604 3447 762 3502 Corinthios
779 3447 979 3518 superscripsit.
1010 3450 1059 3503 His
1086 3447 1122 3501 tis
1135 3447 1216 3502 claris
1227 3447 1363 3516 illatoque
1381 3447 1471 3514 εἴητε,
1490 3445 1565 3512 quod
1583 3447 1681 3498 eontm
1693 3443 1844 3500 dialectum
1856 3463 1919 3516 pec-

224 3527 298 3582 Ioliis
316 3545 411 3583 versus
429 3530 604 3585 continentur
623 3532 732 3586 circiter
750 3539 806 3590 140.
824 3531 972 3601 Euripidis,
990 3549 1059 3602 quos
1086 3535 1139 3586 eat.
1174 3531 1247 3586 Nam
1265 3529 1352 3585 Attici
1369 3532 1477 3584 veteres
1495 3529 1661 3614 ηοηιεῐημεν
1674 3530 1751 3598 εἴητε
1765 3531 1864 3598 εἴησαν
1882 3530 1922 3584 di-

225 3614 355 3679 quettuor
373 3613 477 3668 tabulis
497 3615 558 3669 arte
581 3615 789 3686 lithographica
810 3631 953 3685 expressos
972 3617 1060 3670 edidit
1085 3619 1197 3684 xerunt,
1220 3616 1268 3670 sed
1291 3617 1371 3680 ε1μεν
1392 3615 1451 3668 εἶτε
1473 3615 1544 3668 situ:
1568 3613 1602 3666 dc
1626 3629 1680 3679 quo
1703 3613 1761 3666 dixi
1782 3614 1818 3668 ad
1837 3614 1920 3683 Soph.

224 3696 402 3766 eodIesmqne
415 3697 561 3768 descrIpsit
573 3702 605 3754 A.
616 3699 752 3753 Matthiae
768 3716 792 3753 a.
805 3703 877 3755 1829.
891 3701 1057 3770 interlirag·
1085 3703 1148 3756 Aut.
1167 3707 1224 3755 215.
1254 3699 1349 3768 Eurip.
1367 3699 1449 3752 Rhes.
1468 3704 1525 3752 921.
1556 3697 1744 3766 hippotem.
1764 3697 1928 3754 stanin--

224 3782 319 3836 menta
336 3781 507 3851 perditarum
521 3783 662 3854 Euripidis
674 3783 832 3838 fabularum
851 3785 904 3838 vol.
919 3791 943 3838 t.
960 3803 987 3854 p.
1000 3789 1057 3838 256.
1086 3785 1189 3840 dorfius
1207 3783 1277 3838 dixit
1295 3783 1332 3838 ad
1350 3783 1475 3852 Xenoph.
1492 3781 1608 3836 Memor.
1626 3799 1653 3850 p.
1673 3787 1729 3836 1⁸2.
1748 3782 1791 3836 ed.
1810 3782 1897 3838 Oxou.

223 3873 279 3919 ⁶257.
293 3871 437 3921 ato-269.
468 3866 612 3936 Scriptura
623 3869 666 3922 est
678 3870 806 3936 uncialis,
826 3868 884 3923 sine
899 3869 1058 3923 accentibus
1135 3869 1282 3922 Proximus
1304 3869 1411 3934 aetate,
1434 3867 1561 3935 quamvis
1582 3866 1668 3936 longo
1690 3865 1852 3932 intervallo,
1879 3871 1922 3922 est

224 3951 252 4005 et
263 3950 499 4019 iuterpunciione3
516 3968 698 4022 personarum
710 3953 883 4007 notadonem
895 3954 1058 4023 plerumque
1085 3953 1213 4022 Aeschyli
1242 3955 1271 4006 et
1295 3952 1439 4022 Sophoclis
1466 3951 1676 4020 tragoediarum
1699 3949 1921 4016 quattuordecim

224 4033 366 4088 nominum
376 4035 463 4090 literis
476 4035 630 4090 initialibus
643 4037 728 4090 minio
743 4037 825 4106 pictis
840 4037 948 4090 addidit
961 4053 1058 4092 uranus
1086 4039 1173 4093 codex
1192 4037 1258 4090 olim
1276 4037 1430 4103 Mediceus,
1453 4053 1526 4090 nunc
1543 4033 1745 4089 Laurentianus
1761 4032 1877 4100 XXXII,
1896 4042 1920 4090 9.

224 4119 312 4172 multo
330 4119 523 4180 recenlior.**)
560 4119 664 4175 Versus
682 4123 834 4175 carminum
853 4119 1012 4176 molitorem
1031 4121 1059 4176 et
1085 4123 1121 4176 ab
1145 4121 1252 4175 duabus
1280 4121 1409 4175 manibus
1435 4120 1553 4188 scriptus
1578 4119 1608 4172 in
1632 4117 1803 4172 membranis
1828 4118 1920 4173 seculo

223 4204 404 4270 systematum
423 4204 664 4273 anapaestieerum
683 4205 711 4259 in
726 4207 782 4259 vhoc
796 4205 891 4260 codice
908 4205 994 4259 trium
1011 4205 1058 4259 vel
1086 4205 1243 4272 undecimo,
1267 4209 1298 4259 ut
1319 4205 1442 4270 videtur,
1463 4204 1585 4258 ineunte.
1621 4201 1662 4255 Ex
1684 4202 1737 4256 hcc
1761 4202 1832 4256 IIbro
1850 4202 1921 4257 deri-

223 4291 356 4359 quattuor
375 4287 420 4341 vel
442 4288 563 4358 quinque
584 4289 729 4344 literarum
752 4290 842 4360 spatio
861 4291 897 4344 ab
919 4291 1056 4344 linearum
1084 4293 1151 4344 vata
1176 4293 1241 4343 sunt
1265 4290 1375 4357 reliqua
1401 4290 1494 4343 emula
1523 4303 1595 4357 quae
1624 4285 1716 4340 adhue
1740 4285 1922 4342 innotuerunt

222 4373 302 4428 initio
314 4371 479 4426 remotiores
492 4374 556 4426 sunt
568 4391 651 4441 quam
665 4373 853 4428 diverbiorum
865 4391 968 4440 versus,
981 4375 1059 4429 velut
1085 4374 1258 4443 exemplaria
1275 4373 1374 4428 seculis
1397 4391 1484 4442 usque
1506 4372 1543 4426 ad
1560 4371 1704 4425 inventam
1726 4372 1816 4424 artem
1837 4372 1919 4442 typo-

222 4458 268 4512 iol.
293 4463 348 4512 163.
374 4457 450 4509 recto
473 4457 502 4509 in
525 4457 649 4512 versibus
671 4459 772 4526 fragm.
795 4465 852 4512 781.
877 4459 919 4514 ed.
943 4461 1057 4514 nostras
1085 4459 1248 4528 graphieam
1266 4457 1400 4528 proximis
1418 4457 1535 4527 scripta,
1560 4456 1635 4524 qnod
1656 4456 1692 4509 ds
1710 4455 1845 4524 Aeschylo
1862 4455 1918 4524 pri-

221 4561 248 4612 p.
268 4548 327 4596 350.
1083 4563 1145 4598 mus
1167 4544 1253 4598 verbo
1276 4541 1443 4612 significavit
1465 4540 1497 4596 G.
1516 4539 1667 4610 Burgesius
1688 4538 1718 4592 iu
1740 4537 1920 4595 annotatione

221 4655 373 4666 ---
1085 4629 1121 4683 ad
1139 4626 1267 4696 Aeschyli
1286 4623 1432 4696 Supplices
1455 4628 1495 4690 (a.
1517 4627 1605 4691 1821.)
1621 4642 1649 4693 p.
1668 4629 1723 4690 41,
1746 4624 1780 4678 de
1801 4626 1920 4692 utroque

271 4715 296 4780 ⁸)
315 4717 384 4766 Tres
399 4716 501 4781 primae
518 4715 667 4766 seeundum
685 4715 807 4766 ordinem
821 4715 962 4780 vulgarem
981 4717 1057 4766 Iabu·
1084 4714 1170 4782 poeta
1186 4710 1326 4764 intellexit
1337 4709 1459 4764 (lebetas
1476 4710 1505 4762 in
1524 4707 1751 4763 annotationibus
1769 4708 1805 4762 ad
1818 4709 1920 4763 cratio-

205 4785 268 4834 ·Iae
290 4791 355 4834 sunt
376 4783 506 4847 Aeschyli
530 4783 721 4843 Prometheus,
747 4785 856 4848 Septem
881 4783 1056 4847 ad'Ihebas,
1084 4817 1235 4826 ---

222 4853 336 4931 Ρῗῖὓῧθὶ
356 4851 598 4917 S⁰Ph⁰0¹i⁸ffi⁸¹2
617 4848 742 4928 Eleciffl'·
762 4851 884 4930 Oedlissffl
901 4851 1057 4930 milimi-
1085 4881 1153 4930 quac
1178 4865 1323 4929 loquentes
1346 4865 1558 4916 introducuntur
1582 4862 1666 4930 plena
1690 4863 1812 4923 nomina,
1842 4863 1920 4914 velut

224 4919 295 4984 prdrs
307 4920 437 4982 Hecuba,
451 4917 579 4977 Orestes,
593 4919 774 4978 Phoenissam
787 4918 982 4982 Aristophanis
995 4919 1057 4969 Plu·
1084 4930 1246 4984 ΠΡΙΑΜΟ(
1263 4937 1292 4982 et
1309 4929 1487 4983 ΑχΙΛΛΕγς,
1516 4932 1620 4982 pm„
1638 4931 1757 4995 segnior,
1779 4944 1847 4997 quo„
1864 4947 1919 4982 non

222 4995 277 5066 ‘3¹⁵2
294 4987 396 5048 Nssbsssss
414 4985 521 5036 R⁸¹¹⁸0²
541 5001 610 5050 qnae
625 4987 682 5036 fele
696 4986 772 5036 ⁸⁰¹³0
790 4987 818 5034 5¹¹
836 4985 939 5036 ³⁰h⁰¹i⁸
952 4987 1056 5049 Byzan·
1085 5007 1128 5050 est
1145 5001 1277 5051 credibile
1296 5000 1464 5064 exemplaris
1482 4997 1634 5049 fabularum
1654 5013 1723 5064 qnae
1741 5013 1918 5064 personarum

223 5061 289 5106 ”¹¹¹⁸
300 5055 356 5120 ¹⁰8¹
369 5052 504 5104 ⁸⁰¹0b¹²¹¹t=
1085 5069 1226 5118 notatione
1245 5082 1356 5132 prorsus
1374 5073 1500 5117 carerent
1521 5067 1663 5117 actoribus
1679 5066 1843 5128 tradidisse,
1865 5081 1919 5116 non

272 5135 311 5199 ⁸⁸)
334 5137 532 5202 Antiquissima
556 5152 731 5202 personarum
755 5137 919 5190 notationis'
931 5139 1056 5202 exempla
1084 5135 1172 5198 liquet
1184 5139 1272 5184 utrum
1286 5149 1462 5199 personarum
1478 5134 1555 5186 vices
1572 5133 1663 5184 literis
1676 5134 1815 5183 nominum
1827 5133 1919 5183 initia-

222 5206 398 5270 reperiuntur
414 5206 442 5254 in
460 5205 555 5256 codice
573 5205 667 5256 Iliadis
684 5219 839 5270 papyraceo
857 5206 935 5254 eirea¹
948 5206 1056 5255 ultimo·
1083 5202 1167 5264 libus,
1186 5207 1216 5252 ut
1229 5207 1339 5266 postero
1352 5205 1474 5266 ternpore
1487 5203 1515 5251 in
1529 5202 1670 5253 codicibus
1682 5202 1787 5251 iactum
1800 5205 1855 5265 est,
1873 5217 1918 5262 an,

224 5288 280 5321 rum
293 5271 509 5322 Ptolemaeorum
526 5278 650 5338 tempora
668 5274 782 5336 scripto,
804 5274 882 5322 cuius
900 5273 1056 5336 fragmenta
1084 5271 1129 5334 qui
1141 5271 1283 5334 antiquior
1294 5285 1351 5320 mos
1364 5269 1449 5318 fuisse
1462 5269 1586 5333 videtur,
1604 5268 1714 5319 lineolis
1724 5268 1917 5332 iudicaverint,

223 5339 387 5404 rhapsodias
405 5339 505 5394 xxlv,
525 5357 558 5389 ex
575 5339 762 5404 Elephantine
779 5340 869 5389 insula
885 5342 913 5388 in
931 5339 1056 5405 Anglism
1084 5339 1178 5400 quales
1191 5353 1245 5387 non
1259 5352 1364 5402 paucae
1376 5341 1525 5401 supersunt
1541 5338 1570 5386 in
1582 5335 1711 5401 Aeschyli
1730 5340 1758 5385 et
1774 5335 1918 5402 Sophoclis

223 5407 366 5457 transtulit
383 5407 416 5458 G.
435 5409 456 5456 Ι.
471 5407 598 5470 Benkes,
616 5407 649 5456 de
668 5423 721 5472 quo
739 5408 808 5457 dixit
825 5409 856 5458 G.
875 5407 903 5460 G.
919 5409 1009 5457 Leuis
1028 5409 1054 5456 in
1068 5431 1070 5443 ι
1084 5404 1179 5454 codice
1193 5405 1328 5466 Mediceo,
1346 5405 1505 5455 &venuste
1518 5409 1548 5454 et
1559 5405 1668 5454 Veneto
1681 5403 1873 5468 Aristophanis
1886 5404 1918 5454 li·

227 5474 277 5525 me
296 5475 461 5540 Philolopicel
478 5475 592 5524 Masenm
610 5491 635 5524 a.
656 5477 729 5525 1831.
749 5475 801 5526 vol.
817 5479 840 5527 1.
860 5491 887 5540 p.
906 5475 1055 5525 rii-187.
1084 5472 1193 5535 brisque
1207 5473 1324 5522 Lueiaui
1337 5471 1507 5536 dialogorum
1519 5471 1725 5522 vindobonensi
1738 5473 1794 5521 123.
1812 5475 1840 5521 et
1853 5471 1919 5522 Gor·

224 5541 263 5591 Eo
284 5542 312 5591 in
334 5541 405 5591 libro
426 5543 518 5592 verbis
536 5543 650 5592 Homeri
671 5544 870 5606 praescriptum
893 5540 1056 5593 ΠΟΙΗΤΗΣ
1083 5538 1188 5592 lieensi.
1212 5537 1918 5604 Quaslineolasuuporpdoieusappellaruntgram·

225 5609 295 5674 sigla
323 5606 350 5659 u
380 5624 553 5674 expressum,
584 5609 754 5660 sermonibus
783 5625 847 5659 vero
879 5608 1192 5674 personarum,matici:
1211 5623 1236 5658 ν.
1248 5603 1401 5672 Hephaest.
1416 5623 1439 5656 c.
1453 5607 1492 5656 15.
1505 5619 1531 5672 p.
1546 5607 1602 5658 136.
1617 5609 1674 5658 138.

1674 5687 1715 5744 a*
