<?xml version="1.0" encoding="UTF-8"?>
<!DOCTYPE html PUBLIC "-//W3C//DTD XHTML 1.0 Transitional//EN"
    "http://www.w3.org/TR/xhtml1/DTD/xhtml1-transitional.dtd">
<html xmlns="http://www.w3.org/1999/xhtml" xml:lang="en" lang="en">
 <head>
  <title>
</title>
<meta http-equiv="Content-Type" content="text/html;charset=utf-8" />
  <meta name='ocr-system' content='tesseract 3.04.00' />
  <meta name='ocr-capabilities' content='ocr_page ocr_carea ocr_par ocr_line ocrx_word'/>
</head>
<body>
  <div class='ocr_page' id='page_1' title='image "./poetarumscenico00arisgoog/poetarumscenico00arisgoog_0972.png"; bbox 0 0 4272 6596; ppageno 0'>
   <div class='ocr_carea' id='block_1_1' title="bbox 632 471 1342 524">
    <p class='ocr_par' dir='ltr' id='par_1_1' title="bbox 632 471 1342 524">
     <span class='ocr_line' id='line_1_1' title="bbox 632 471 1342 524; baseline -0.004 -1"><span class='ocrx_word' id='word_1_1' title='bbox 632 472 968 524; x_wconf 75' lang='grc' dir='ltr'><strong>ΑΡΙΣΤΟΦΑΝΟΤΣ</strong></span> <span class='ocrx_word' id='word_1_2' title='bbox 993 471 1342 524; x_wconf 75' lang='grc' dir='ltr'>ΑΠΟΣΠΔΣΜΑΤΙΑ.</span> 
     </span>
    </p>
   </div>
   <div class='ocr_carea' id='block_1_2' title="bbox 1770 467 1831 531">
    <p class='ocr_par' dir='ltr' id='par_1_2' title="bbox 1770 467 1831 531">
     <span class='ocr_line' id='line_1_2' title="bbox 1770 467 1831 531; baseline 0 -1"><span class='ocrx_word' id='word_1_3' title='bbox 1770 467 1831 531; x_wconf 85' lang='grc'>189</span> 
     </span>
    </p>
   </div>
   <div class='ocr_carea' id='block_1_3' title="bbox 147 622 1833 2900">
    <p class='ocr_par' dir='ltr' id='par_1_3' title="bbox 148 622 1833 1453">
     <span class='ocr_line' id='line_1_3' title="bbox 148 622 1831 693; baseline -0.001 -17"><span class='ocrx_word' id='word_1_4' title='bbox 148 640 193 677; x_wconf 89' lang='grc' dir='ltr'><strong>ται</strong></span> <span class='ocrx_word' id='word_1_5' title='bbox 211 624 227 675; x_wconf 87' lang='grc' dir='ltr'>ό</span> <span class='ocrx_word' id='word_1_6' title='bbox 245 623 319 689; x_wconf 92' lang='grc' dir='ltr'>ίερδς</span> <span class='ocrx_word' id='word_1_7' title='bbox 337 629 388 678; x_wconf 89' lang='grc' dir='ltr'>τού</span> <span class='ocrx_word' id='word_1_8' title='bbox 401 627 541 680; x_wconf 87' lang='grc' dir='ltr'>Διονύσου</span> <span class='ocrx_word' id='word_1_9' title='bbox 560 625 743 693; x_wconf 80' lang='grc' dir='ltr'>κρατηρίσκος</span> <span class='ocrx_word' id='word_1_10' title='bbox 755 628 800 678; x_wconf 88' lang='grc' dir='ltr'><strong>καί</strong></span> <span class='ocrx_word' id='word_1_11' title='bbox 812 625 854 689; x_wconf 88' lang='grc' dir='ltr'><strong>οίς</strong></span> <span class='ocrx_word' id='word_1_12' title='bbox 866 626 977 690; x_wconf 88' lang='grc' dir='ltr'>χέονται</span> <span class='ocrx_word' id='word_1_13' title='bbox 1005 628 1107 678; x_wconf 83' lang='lat' dir='ltr'><strong>candus</strong></span> <span class='ocrx_word' id='word_1_14' title='bbox 1130 627 1242 688; x_wconf 82' lang='lat' dir='ltr'><strong>fnisset,</strong></span> <span class='ocrx_word' id='word_1_15' title='bbox 1267 625 1315 676; x_wconf 88' lang='lat' dir='ltr'><strong>sed</strong></span> <span class='ocrx_word' id='word_1_16' title='bbox 1338 625 1546 692; x_wconf 84' lang='lat' dir='ltr'><strong>grammaticum</strong></span> <span class='ocrx_word' id='word_1_17' title='bbox 1564 622 1712 688; x_wconf 84' lang='lat' dir='ltr'><strong>significari</strong></span> <span class='ocrx_word' id='word_1_18' title='bbox 1729 623 1831 674; x_wconf 87' lang='lat' dir='ltr'><strong>Aristo-</strong></span> 
     </span>
     <span class='ocr_line' id='line_1_4' title="bbox 149 696 1831 774; baseline -0.003 -20"><span class='ocrx_word' id='word_1_19' title='bbox 149 699 174 754; x_wconf 93' lang='grc' dir='ltr'>οί</span> <span class='ocrx_word' id='word_1_20' title='bbox 193 701 302 766; x_wconf 85' lang='grc' dir='ltr'>μύσται,</span> <span class='ocrx_word' id='word_1_21' title='bbox 321 702 362 765; x_wconf 87' lang='grc' dir='ltr'><strong>ὡς</strong></span> <span class='ocrx_word' id='word_1_22' title='bbox 381 701 532 774; x_wconf 79' lang='grc' dir='ltr'>Νίκανδρός</span> <span class='ocrx_word' id='word_1_23' title='bbox 550 718 637 769; x_wconf 92' lang='grc' dir='ltr'>φησιν</span> <span class='ocrx_word' id='word_1_24' title='bbox 655 703 671 756; x_wconf 86' lang='grc' dir='ltr'><strong>ά</strong></span> <span class='ocrx_word' id='word_1_25' title='bbox 690 702 877 768; x_wconf 86' lang='grc' dir='ltr'>Θυατειρηνὸς</span> <span class='ocrx_word' id='word_1_26' title='bbox 894 702 929 753; x_wconf 92' lang='grc' dir='ltr'>τὸ</span> <span class='ocrx_word' id='word_1_27' title='bbox 947 702 978 755; x_wconf 84' lang='grc' dir='ltr'><strong>ἐκ</strong></span> <span class='ocrx_word' id='word_1_28' title='bbox 1005 703 1130 768; x_wconf 87' lang='lat' dir='ltr'><strong>phanem,</strong></span> <span class='ocrx_word' id='word_1_29' title='bbox 1150 703 1196 768; x_wconf 90' lang='lat' dir='ltr'><strong>qui</strong></span> <span class='ocrx_word' id='word_1_30' title='bbox 1214 703 1243 752; x_wconf 90' lang='lat' dir='ltr'><strong>in</strong></span> <span class='ocrx_word' id='word_1_31' title='bbox 1261 702 1332 753; x_wconf 92' lang='lat' dir='ltr'><strong>libro</strong></span> <span class='ocrx_word' id='word_1_32' title='bbox 1351 702 1385 754; x_wconf 91' lang='lat' dir='ltr'><strong>de</strong></span> <span class='ocrx_word' id='word_1_33' title='bbox 1403 699 1532 764; x_wconf 78' lang='grc' dir='ltr'>ἀμέτροις</span> <span class='ocrx_word' id='word_1_34' title='bbox 1550 696 1706 764; x_wconf 76' lang='grc' dir='ltr'>παροιμίαις</span> <span class='ocrx_word' id='word_1_35' title='bbox 1725 699 1758 748; x_wconf 92' lang='lat' dir='ltr'><strong>de</strong></span> <span class='ocrx_word' id='word_1_36' title='bbox 1771 715 1831 764; x_wconf 91' lang='lat' dir='ltr'><strong>pro·</strong></span> 
     </span>
     <span class='ocr_line' id='line_1_5' title="bbox 150 773 1832 846; baseline -0.003 -17"><span class='ocrx_word' id='word_1_37' title='bbox 150 777 288 842; x_wconf 80' lang='grc' dir='ltr'>Νεφελῶν</span> <span class='ocrx_word' id='word_1_38' title='bbox 307 777 526 844; x_wconf 83' lang='grc' dir='ltr'>Ἀριστοφάνους</span> <span class='ocrx_word' id='word_1_39' title='bbox 545 779 644 846; x_wconf 72' lang='grc' dir='ltr'><strong>ΗΜηδέ</strong></span> <span class='ocrx_word' id='word_1_40' title='bbox 657 779 754 843; x_wconf 87' lang='grc' dir='ltr'>στέψω</span> <span class='ocrx_word' id='word_1_41' title='bbox 768 777 975 840; x_wconf 88' lang='grc' dir='ltr'>κοτυλίσκους.”</span> <span class='ocrx_word' id='word_1_42' title='bbox 1004 780 1098 830; x_wconf 79' lang='lat' dir='ltr'><strong>verbio</strong></span> <span class='ocrx_word' id='word_1_43' title='bbox 1117 778 1164 830; x_wconf 90' lang='lat' dir='ltr'><strong>illo</strong></span> <span class='ocrx_word' id='word_1_44' title='bbox 1182 773 1356 844; x_wconf 77' lang='lat' dir='ltr'><strong>eiposucrat.</strong></span> <span class='ocrx_word' id='word_1_45' title='bbox 1390 777 1451 828; x_wconf 89' lang='lat' dir='ltr'><strong>Non</strong></span> <span class='ocrx_word' id='word_1_46' title='bbox 1468 777 1555 842; x_wconf 86' lang='lat' dir='ltr'><strong>magis</strong></span> <span class='ocrx_word' id='word_1_47' title='bbox 1573 775 1669 825; x_wconf 86' lang='lat' dir='ltr'><strong>scholii</strong></span> <span class='ocrx_word' id='word_1_48' title='bbox 1691 775 1726 824; x_wconf 90' lang='lat' dir='ltr'><strong>ad</strong></span> <span class='ocrx_word' id='word_1_49' title='bbox 1744 775 1832 825; x_wconf 84' lang='lat' dir='ltr'><strong>Theo-</strong></span> 
     </span>
     <span class='ocr_line' id='line_1_6' title="bbox 149 849 1831 922; baseline -0.003 -18"><span class='ocrx_word' id='word_1_50' title='bbox 149 855 201 904; x_wconf 87' lang='lat' dir='ltr'><strong>nisi</strong></span> <span class='ocrx_word' id='word_1_51' title='bbox 222 854 359 919; x_wconf 80' lang='grc' dir='ltr'>Νεφελῶν</span> <span class='ocrx_word' id='word_1_52' title='bbox 379 856 422 908; x_wconf 87' lang='lat' dir='ltr'><strong>vel</strong></span> <span class='ocrx_word' id='word_1_53' title='bbox 440 857 585 906; x_wconf 79' lang='lat' dir='ltr'>memoriae</span> <span class='ocrx_word' id='word_1_54' title='bbox 604 858 689 907; x_wconf 89' lang='lat' dir='ltr'><strong>errori</strong></span> <span class='ocrx_word' id='word_1_55' title='bbox 706 856 822 908; x_wconf 91' lang='lat' dir='ltr'><strong>debetur</strong></span> <span class='ocrx_word' id='word_1_56' title='bbox 839 855 929 922; x_wconf 88' lang='lat' dir='ltr'><strong>velex</strong></span> <span class='ocrx_word' id='word_1_57' title='bbox 942 856 977 905; x_wconf 89' lang='lat' dir='ltr'><strong>si·</strong></span> <span class='ocrx_word' id='word_1_58' title='bbox 1005 855 1067 906; x_wconf 87' lang='lat' dir='ltr'><strong>criti</strong></span> <span class='ocrx_word' id='word_1_59' title='bbox 1084 857 1107 918; x_wconf 85' lang='lat'><strong>5,</strong></span> <span class='ocrx_word' id='word_1_60' title='bbox 1127 856 1183 904; x_wconf 82' lang='lat'><strong>118.</strong></span> <span class='ocrx_word' id='word_1_61' title='bbox 1209 853 1282 905; x_wconf 91' lang='lat' dir='ltr'><strong>ullus</strong></span> <span class='ocrx_word' id='word_1_62' title='bbox 1308 869 1375 905; x_wconf 88' lang='lat' dir='ltr'><strong>usus</strong></span> <span class='ocrx_word' id='word_1_63' title='bbox 1403 857 1459 916; x_wconf 89' lang='lat' dir='ltr'><strong>est,</strong></span> <span class='ocrx_word' id='word_1_64' title='bbox 1487 849 1665 915; x_wconf 79' lang='grc' dir='ltr'>ἐκάθηρεντ</span> <span class='ocrx_word' id='word_1_65' title='bbox 1696 849 1758 901; x_wconf 88' lang='grc' dir='ltr'>ἀντί</span> <span class='ocrx_word' id='word_1_66' title='bbox 1780 852 1831 900; x_wconf 87' lang='grc' dir='ltr'>τού</span> 
     </span>
     <span class='ocr_line' id='line_1_7' title="bbox 148 923 1831 995; baseline -0.003 -14"><span class='ocrx_word' id='word_1_67' title='bbox 148 930 207 981; x_wconf 88' lang='lat' dir='ltr'><strong>mili</strong></span> <span class='ocrx_word' id='word_1_68' title='bbox 228 929 299 981; x_wconf 89' lang='lat' dir='ltr'><strong>alius</strong></span> <span class='ocrx_word' id='word_1_69' title='bbox 318 931 430 982; x_wconf 83' lang='lat' dir='ltr'><strong>fabulae</strong></span> <span class='ocrx_word' id='word_1_70' title='bbox 448 932 568 995; x_wconf 84' lang='lat' dir='ltr'><strong>nomine,</strong></span> <span class='ocrx_word' id='word_1_71' title='bbox 592 930 864 994; x_wconf 66' lang='lat' dir='ltr'><strong>achimitentium,</strong></span> <span class='ocrx_word' id='word_1_72' title='bbox 888 947 976 981; x_wconf 88' lang='lat' dir='ltr'><strong>corru-</strong></span> <span class='ocrx_word' id='word_1_73' title='bbox 1003 929 1106 981; x_wconf 84' lang='grc' dir='ltr'>ἔτυπτε</span> <span class='ocrx_word' id='word_1_74' title='bbox 1133 929 1178 980; x_wconf 87' lang='grc' dir='ltr'><strong>καί</strong></span> <span class='ocrx_word' id='word_1_75' title='bbox 1205 928 1329 994; x_wconf 80' lang='grc' dir='ltr'>ἐξέδειρε.</span> <span class='ocrx_word' id='word_1_76' title='bbox 1366 929 1410 980; x_wconf 91' lang='grc' dir='ltr'><strong>καί</strong></span> <span class='ocrx_word' id='word_1_77' title='bbox 1437 925 1654 992; x_wconf 86' lang='grc' dir='ltr'>Ἀριστοφάνης,</span> <span class='ocrx_word' id='word_1_78' title='bbox 1682 925 1759 978; x_wconf 85' lang='grc' dir='ltr'>πέδει</span> <span class='ocrx_word' id='word_1_79' title='bbox 1781 923 1831 986; x_wconf 88' lang='grc' dir='ltr'><strong>τάς</strong></span> 
     </span>
     <span class='ocr_line' id='line_1_8' title="bbox 149 1003 1832 1074; baseline -0.002 -19"><span class='ocrx_word' id='word_1_80' title='bbox 149 1011 225 1073; x_wconf 89' lang='lat' dir='ltr'><strong>ptum</strong></span> <span class='ocrx_word' id='word_1_81' title='bbox 247 1009 298 1056; x_wconf 87' lang='lat' dir='ltr'><strong>est.</strong></span> <span class='ocrx_word' id='word_1_82' title='bbox 339 1007 405 1056; x_wconf 87' lang='lat' dir='ltr'><strong>Tria</strong></span> <span class='ocrx_word' id='word_1_83' title='bbox 427 1009 511 1058; x_wconf 91' lang='lat' dir='ltr'><strong>verba</strong></span> <span class='ocrx_word' id='word_1_84' title='bbox 532 1006 565 1058; x_wconf 92' lang='grc' dir='ltr'><strong>ού</strong></span> <span class='ocrx_word' id='word_1_85' title='bbox 589 1007 674 1071; x_wconf 89' lang='grc' dir='ltr'>μετόν</span> <span class='ocrx_word' id='word_1_86' title='bbox 696 1006 774 1074; x_wconf 82' lang='grc' dir='ltr'>αὑτῷ</span> <span class='ocrx_word' id='word_1_87' title='bbox 798 1023 832 1057; x_wconf 87' lang='lat' dir='ltr'><strong>ex</strong></span> <span class='ocrx_word' id='word_1_88' title='bbox 854 1008 977 1058; x_wconf 80' lang='lat' dir='ltr'><strong>Nubibus</strong></span> <span class='ocrx_word' id='word_1_89' title='bbox 1004 1004 1124 1069; x_wconf 86' lang='grc' dir='ltr'>πλευρὰς</span> <span class='ocrx_word' id='word_1_90' title='bbox 1146 1005 1191 1056; x_wconf 88' lang='grc' dir='ltr'><strong>καί</strong></span> <span class='ocrx_word' id='word_1_91' title='bbox 1213 1003 1358 1071; x_wconf 84' lang='grc' dir='ltr'>ἐκάθηρεν.</span> <span class='ocrx_word' id='word_1_92' title='bbox 1397 1005 1541 1055; x_wconf 88' lang='lat' dir='ltr'><strong>Pertinent</strong></span> <span class='ocrx_word' id='word_1_93' title='bbox 1567 1004 1636 1054; x_wconf 86' lang='lat' dir='ltr'><strong>haec</strong></span> <span class='ocrx_word' id='word_1_94' title='bbox 1658 1004 1693 1055; x_wconf 93' lang='lat' dir='ltr'><strong>ad</strong></span> <span class='ocrx_word' id='word_1_95' title='bbox 1714 1003 1832 1053; x_wconf 86' lang='lat' dir='ltr'><strong>Nubium</strong></span> 
     </span>
     <span class='ocr_line' id='line_1_9' title="bbox 149 1077 1833 1149; baseline -0.002 -18"><span class='ocrx_word' id='word_1_96' title='bbox 149 1085 273 1147; x_wconf 80' lang='lat' dir='ltr'><strong>prostant</strong></span> <span class='ocrx_word' id='word_1_97' title='bbox 291 1082 362 1146; x_wconf 88' lang='lat' dir='ltr'><strong>apud</strong></span> <span class='ocrx_word' id='word_1_98' title='bbox 381 1081 491 1133; x_wconf 83' lang='lat' dir='ltr'><strong>Suidam</strong></span> <span class='ocrx_word' id='word_1_99' title='bbox 509 1098 530 1137; x_wconf 90' lang='lat' dir='ltr'><strong>s.</strong></span> <span class='ocrx_word' id='word_1_100' title='bbox 541 1083 567 1133; x_wconf 94' lang='lat' dir='ltr'><strong>h.</strong></span> <span class='ocrx_word' id='word_1_101' title='bbox 578 1100 603 1134; x_wconf 91' lang='lat' dir='ltr'><strong>v.</strong></span> <span class='ocrx_word' id='word_1_102' title='bbox 626 1083 766 1149; x_wconf 86' lang='lat' dir='ltr'><strong>explicata</strong></span> <span class='ocrx_word' id='word_1_103' title='bbox 783 1098 831 1149; x_wconf 86' lang='lat' dir='ltr'><strong>per</strong></span> <span class='ocrx_word' id='word_1_104' title='bbox 848 1081 900 1134; x_wconf 92' lang='grc' dir='ltr'><strong>ούκ</strong></span> <span class='ocrx_word' id='word_1_105' title='bbox 913 1081 976 1133; x_wconf 85' lang='grc' dir='ltr'>ἐξόν</span> <span class='ocrx_word' id='word_1_106' title='bbox 1003 1099 1029 1136; x_wconf 89' lang='lat' dir='ltr'><strong>v.</strong></span> <span class='ocrx_word' id='word_1_107' title='bbox 1037 1084 1112 1132; x_wconf 74' lang='lat'><strong>1379.</strong></span> <span class='ocrx_word' id='word_1_108' title='bbox 1128 1079 1237 1132; x_wconf 77' lang='grc' dir='ltr'>κᾶπειτ’</span> <span class='ocrx_word' id='word_1_109' title='bbox 1250 1081 1323 1146; x_wconf 84' lang='grc' dir='ltr'>ἔφλα</span> <span class='ocrx_word' id='word_1_110' title='bbox 1336 1095 1369 1145; x_wconf 89' lang='grc' dir='ltr'><strong>με</strong></span> <span class='ocrx_word' id='word_1_111' title='bbox 1381 1078 1516 1132; x_wconf 82' lang='grc' dir='ltr'>κάσπόδει</span> <span class='ocrx_word' id='word_1_112' title='bbox 1528 1078 1646 1142; x_wconf 89' lang='grc' dir='ltr'>κάπνιγε</span> <span class='ocrx_word' id='word_1_113' title='bbox 1658 1077 1833 1143; x_wconf 87' lang='grc' dir='ltr'>κόπέτριβεν.</span> 
     </span>
     <span class='ocr_line' id='line_1_10' title="bbox 149 1155 1833 1225; baseline -0.001 -17"><span class='ocrx_word' id='word_1_114' title='bbox 149 1155 234 1222; x_wconf 81' lang='grc' dir='ltr'>αὐτῷ.</span> <span class='ocrx_word' id='word_1_115' title='bbox 270 1156 324 1208; x_wconf 85' lang='lat' dir='ltr'><strong>Sed</strong></span> <span class='ocrx_word' id='word_1_116' title='bbox 341 1157 412 1208; x_wconf 88' lang='lat' dir='ltr'><strong>idem</strong></span> <span class='ocrx_word' id='word_1_117' title='bbox 431 1157 517 1221; x_wconf 86' lang='grc' dir='ltr'>μετὸν</span> <span class='ocrx_word' id='word_1_118' title='bbox 534 1158 614 1224; x_wconf 79' lang='grc' dir='ltr'>αὑτῷ</span> <span class='ocrx_word' id='word_1_119' title='bbox 634 1175 667 1210; x_wconf 85' lang='lat' dir='ltr'><strong>ex</strong></span> <span class='ocrx_word' id='word_1_120' title='bbox 679 1159 932 1210; x_wconf 83' lang='lat' dir='ltr'><strong>Ecclesiaansarum</strong></span> <span class='ocrx_word' id='word_1_121' title='bbox 949 1176 974 1213; x_wconf 87' lang='lat' dir='ltr'><strong>v.</strong></span> <span class='ocrx_word' id='word_1_122' title='bbox 1004 1159 1048 1208; x_wconf 89' lang='lat' dir='ltr'><strong>cui</strong></span> <span class='ocrx_word' id='word_1_123' title='bbox 1071 1158 1213 1225; x_wconf 90' lang='lat' dir='ltr'><strong>adscripta</strong></span> <span class='ocrx_word' id='word_1_124' title='bbox 1237 1159 1290 1209; x_wconf 88' lang='lat' dir='ltr'><strong>luit</strong></span> <span class='ocrx_word' id='word_1_125' title='bbox 1311 1160 1389 1210; x_wconf 85' lang='lat' dir='ltr'><strong>vorbi</strong></span> <span class='ocrx_word' id='word_1_126' title='bbox 1411 1155 1524 1208; x_wconf 83' lang='grc' dir='ltr'>ἐσπόδει</span> <span class='ocrx_word' id='word_1_127' title='bbox 1552 1157 1707 1224; x_wconf 85' lang='lat' dir='ltr'><strong>explicandi</strong></span> <span class='ocrx_word' id='word_1_128' title='bbox 1734 1172 1833 1207; x_wconf 88' lang='lat' dir='ltr'><strong>caussa</strong></span> 
     </span>
     <span class='ocr_line' id='line_1_11' title="bbox 148 1232 1832 1302; baseline -0.003 -16"><span class='ocrx_word' id='word_1_129' title='bbox 148 1236 205 1286; x_wconf 75' lang='lat'><strong>694.</strong></span> <span class='ocrx_word' id='word_1_130' title='bbox 225 1234 398 1298; x_wconf 81' lang='lat' dir='ltr'><strong>consignavit</strong></span> <span class='ocrx_word' id='word_1_131' title='bbox 415 1251 436 1286; x_wconf 89' lang='lat' dir='ltr'><strong>s.</strong></span> <span class='ocrx_word' id='word_1_132' title='bbox 448 1251 473 1285; x_wconf 86' lang='lat' dir='ltr'><strong>v.</strong></span> <span class='ocrx_word' id='word_1_133' title='bbox 492 1233 587 1298; x_wconf 87' lang='grc' dir='ltr'>μετόν.</span> <span class='ocrx_word' id='word_1_134' title='bbox 623 1237 681 1286; x_wconf 90' lang='lat' dir='ltr'><strong>Nec</strong></span> <span class='ocrx_word' id='word_1_135' title='bbox 700 1237 870 1287; x_wconf 80' lang='lat' dir='ltr'><strong>dubitatione</strong></span> <span class='ocrx_word' id='word_1_136' title='bbox 889 1252 976 1287; x_wconf 88' lang='lat' dir='ltr'><strong>vacua</strong></span> <span class='ocrx_word' id='word_1_137' title='bbox 1003 1236 1172 1302; x_wconf 87' lang='lat' dir='ltr'><strong>grammatici</strong></span> <span class='ocrx_word' id='word_1_138' title='bbox 1198 1237 1341 1286; x_wconf 79' lang='lat' dir='ltr'><strong>annotatio</strong></span> <span class='ocrx_word' id='word_1_139' title='bbox 1366 1233 1416 1293; x_wconf 87' lang='grc' dir='ltr'><strong>τάς</strong></span> <span class='ocrx_word' id='word_1_140' title='bbox 1443 1232 1565 1297; x_wconf 84' lang='grc' dir='ltr'>πλευράς</span> <span class='ocrx_word' id='word_1_141' title='bbox 1594 1233 1725 1299; x_wconf 83' lang='grc' dir='ltr'>ἐκάθηρε,</span> <span class='ocrx_word' id='word_1_142' title='bbox 1754 1249 1832 1298; x_wconf 85' lang='lat' dir='ltr'><strong>qnam</strong></span> 
     </span>
     <span class='ocr_line' id='line_1_12' title="bbox 149 1309 1832 1378; baseline -0.001 -18"><span class='ocrx_word' id='word_1_143' title='bbox 149 1313 212 1360; x_wconf 91' lang='lat' dir='ltr'><strong>sunt</strong></span> <span class='ocrx_word' id='word_1_144' title='bbox 225 1325 293 1375; x_wconf 89' lang='lat' dir='ltr'><strong>quae</strong></span> <span class='ocrx_word' id='word_1_145' title='bbox 306 1310 378 1375; x_wconf 91' lang='lat' dir='ltr'><strong>apud</strong></span> <span class='ocrx_word' id='word_1_146' title='bbox 389 1309 608 1363; x_wconf 85' lang='lat' dir='ltr'><strong>Antiattioistam</strong></span> <span class='ocrx_word' id='word_1_147' title='bbox 621 1312 742 1362; x_wconf 81' lang='lat' dir='ltr'><strong>Beklreri</strong></span> <span class='ocrx_word' id='word_1_148' title='bbox 754 1314 881 1378; x_wconf 87' lang='lat' dir='ltr'><strong>leguntur</strong></span> <span class='ocrx_word' id='word_1_149' title='bbox 894 1330 919 1378; x_wconf 88' lang='lat' dir='ltr'><strong>p.</strong></span> <span class='ocrx_word' id='word_1_150' title='bbox 933 1315 975 1376; x_wconf 83' lang='lat'><strong>98,</strong></span> <span class='ocrx_word' id='word_1_151' title='bbox 1002 1317 1133 1376; x_wconf 88' lang='lat' dir='ltr'><strong>tanquam</strong></span> <span class='ocrx_word' id='word_1_152' title='bbox 1152 1317 1252 1376; x_wconf 89' lang='lat' dir='ltr'><strong>poetae</strong></span> <span class='ocrx_word' id='word_1_153' title='bbox 1270 1311 1355 1362; x_wconf 87' lang='lat' dir='ltr'><strong>verba</strong></span> <span class='ocrx_word' id='word_1_154' title='bbox 1373 1309 1515 1375; x_wconf 79' lang='lat' dir='ltr'><strong>amplexus</strong></span> <span class='ocrx_word' id='word_1_155' title='bbox 1534 1313 1576 1360; x_wconf 86' lang='lat' dir='ltr'><strong>est</strong></span> <span class='ocrx_word' id='word_1_156' title='bbox 1592 1309 1737 1376; x_wconf 87' lang='lat' dir='ltr'><strong>imperitus</strong></span> <span class='ocrx_word' id='word_1_157' title='bbox 1755 1310 1832 1360; x_wconf 89' lang='lat' dir='ltr'><strong>scho-</strong></span> 
     </span>
     <span class='ocr_line' id='line_1_13' title="bbox 150 1383 1094 1453; baseline 0.002 -17"><span class='ocrx_word' id='word_1_158' title='bbox 150 1388 172 1439; x_wconf 90' lang='lat'><strong>1.</strong></span> <span class='ocrx_word' id='word_1_159' title='bbox 207 1383 431 1449; x_wconf 74' lang='lat' dir='ltr'><strong>luuhouoenr:</strong></span> <span class='ocrx_word' id='word_1_160' title='bbox 468 1385 671 1452; x_wconf 88' lang='grc' dir='ltr'>Ἀριστοφάνης</span> <span class='ocrx_word' id='word_1_161' title='bbox 699 1386 844 1451; x_wconf 80' lang='grc' dir='ltr'>Νεφέλαις.</span> <span class='ocrx_word' id='word_1_162' title='bbox 879 1388 974 1453; x_wconf 89' lang='lat' dir='ltr'><strong>(quod,</strong></span> <span class='ocrx_word' id='word_1_163' title='bbox 1002 1387 1094 1438; x_wconf 82' lang='lat' dir='ltr'><strong>liasta.</strong></span> 
     </span>
    </p>

    <p class='ocr_par' dir='ltr' id='par_1_4' title="bbox 147 1461 1833 2823">
     <span class='ocr_line' id='line_1_14' title="bbox 149 1461 1832 1530; baseline 0 -17"><span class='ocrx_word' id='word_1_164' title='bbox 149 1463 202 1513; x_wconf 89' lang='lat' dir='ltr'><strong>nisi</strong></span> <span class='ocrx_word' id='word_1_165' title='bbox 222 1463 252 1512; x_wconf 92' lang='lat' dir='ltr'><strong>in</strong></span> <span class='ocrx_word' id='word_1_166' title='bbox 274 1463 358 1512; x_wconf 88' lang='lat' dir='ltr'><strong>verbo</strong></span> <span class='ocrx_word' id='word_1_167' title='bbox 382 1466 502 1512; x_wconf 88' lang='lat' dir='ltr'><strong>erratum</strong></span> <span class='ocrx_word' id='word_1_168' title='bbox 525 1464 574 1526; x_wconf 88' lang='lat' dir='ltr'><strong>sit,</strong></span> <span class='ocrx_word' id='word_1_169' title='bbox 601 1462 780 1527; x_wconf 84' lang='grc' dir='ltr'>Ζυμιίισασθαι</span> <span class='ocrx_word' id='word_1_170' title='bbox 795 1465 976 1516; x_wconf 73' lang='lat' dir='ltr'><strong>,scribendum</strong></span> <span class='ocrx_word' id='word_1_171' title='bbox 1037 1465 1169 1530; x_wconf 76' lang='lat' dir='ltr'><strong>Superest</strong></span> <span class='ocrx_word' id='word_1_172' title='bbox 1188 1465 1241 1514; x_wconf 86' lang='lat' dir='ltr'><strong>iarn</strong></span> <span class='ocrx_word' id='word_1_173' title='bbox 1260 1479 1341 1514; x_wconf 89' lang='lat' dir='ltr'><strong>uuum</strong></span> <span class='ocrx_word' id='word_1_174' title='bbox 1359 1461 1391 1514; x_wconf 90' lang='lat' dir='ltr'><strong>de</strong></span> <span class='ocrx_word' id='word_1_175' title='bbox 1411 1464 1560 1530; x_wconf 81' lang='lat' dir='ltr'><strong>prioribus,</strong></span> <span class='ocrx_word' id='word_1_176' title='bbox 1579 1467 1610 1512; x_wconf 92' lang='lat' dir='ltr'><strong>ut</strong></span> <span class='ocrx_word' id='word_1_177' title='bbox 1628 1464 1729 1522; x_wconf 80' lang='lat' dir='ltr'><strong>ferunt,</strong></span> <span class='ocrx_word' id='word_1_178' title='bbox 1748 1465 1832 1515; x_wconf 86' lang='lat' dir='ltr'><strong>Nubi-</strong></span> 
     </span>
     <span class='ocr_line' id='line_1_15' title="bbox 148 1537 1832 1606; baseline 0.001 -17"><span class='ocrx_word' id='word_1_179' title='bbox 148 1555 208 1589; x_wconf 88' lang='lat' dir='ltr'><strong>esse</strong></span> <span class='ocrx_word' id='word_1_180' title='bbox 232 1537 289 1587; x_wconf 86' lang='lat' dir='ltr'><strong>dixi</strong></span> <span class='ocrx_word' id='word_1_181' title='bbox 311 1539 340 1587; x_wconf 91' lang='lat' dir='ltr'><strong>in</strong></span> <span class='ocrx_word' id='word_1_182' title='bbox 363 1537 504 1589; x_wconf 78' lang='lat' dir='ltr'><strong>Thesauro</strong></span> <span class='ocrx_word' id='word_1_183' title='bbox 527 1540 580 1591; x_wconf 88' lang='lat' dir='ltr'><strong>vol.</strong></span> <span class='ocrx_word' id='word_1_184' title='bbox 599 1543 623 1590; x_wconf 85' lang='lat'><strong>4.</strong></span> <span class='ocrx_word' id='word_1_185' title='bbox 648 1558 674 1606; x_wconf 93' lang='lat' dir='ltr'><strong>p.</strong></span> <span class='ocrx_word' id='word_1_186' title='bbox 693 1539 747 1604; x_wconf 82' lang='lat'><strong>59.)</strong></span> <span class='ocrx_word' id='word_1_187' title='bbox 776 1545 803 1590; x_wconf 88' lang='lat' dir='ltr'><strong>et</strong></span> <span class='ocrx_word' id='word_1_188' title='bbox 830 1557 855 1606; x_wconf 93' lang='lat' dir='ltr'><strong>p.</strong></span> <span class='ocrx_word' id='word_1_189' title='bbox 877 1544 933 1605; x_wconf 83' lang='lat'><strong>105,</strong></span> <span class='ocrx_word' id='word_1_190' title='bbox 952 1544 975 1592; x_wconf 82' lang='lat'><strong>2.</strong></span> <span class='ocrx_word' id='word_1_191' title='bbox 1002 1543 1054 1592; x_wconf 86' lang='lat' dir='ltr'><strong>bus</strong></span> <span class='ocrx_word' id='word_1_192' title='bbox 1073 1541 1266 1606; x_wconf 79' lang='lat' dir='ltr'><strong>fragmentum,</strong></span> <span class='ocrx_word' id='word_1_193' title='bbox 1287 1555 1340 1605; x_wconf 92' lang='lat' dir='ltr'><strong>quo</strong></span> <span class='ocrx_word' id='word_1_194' title='bbox 1357 1539 1460 1590; x_wconf 90' lang='lat' dir='ltr'><strong>nullum</strong></span> <span class='ocrx_word' id='word_1_195' title='bbox 1478 1541 1512 1590; x_wconf 91' lang='lat' dir='ltr'><strong>ab</strong></span> <span class='ocrx_word' id='word_1_196' title='bbox 1531 1540 1585 1590; x_wconf 90' lang='lat' dir='ltr'><strong>hac</strong></span> <span class='ocrx_word' id='word_1_197' title='bbox 1603 1538 1697 1589; x_wconf 84' lang='lat' dir='ltr'><strong>fabula</strong></span> <span class='ocrx_word' id='word_1_198' title='bbox 1715 1539 1832 1590; x_wconf 87' lang='lat' dir='ltr'><strong>alienius</strong></span> 
     </span>
     <span class='ocr_line' id='line_1_16' title="bbox 149 1612 1832 1682; baseline 0 -16"><span class='ocrx_word' id='word_1_199' title='bbox 149 1612 313 1676; x_wconf 71' lang='lat' dir='ltr'><strong>adludunt</strong></span> <span class='ocrx_word' id='word_1_200' title='bbox 343 1613 546 1680; x_wconf 87' lang='grc' dir='ltr'>Ἀριστοφάνης</span> <span class='ocrx_word' id='word_1_201' title='bbox 566 1614 709 1680; x_wconf 80' lang='grc' dir='ltr'>Νεφέλαις.</span> <span class='ocrx_word' id='word_1_202' title='bbox 733 1631 828 1681; x_wconf 85' lang='lat' dir='ltr'><strong>pamm</strong></span> <span class='ocrx_word' id='word_1_203' title='bbox 846 1617 916 1666; x_wconf 89' lang='lat' dir='ltr'><strong>enim</strong></span> <span class='ocrx_word' id='word_1_204' title='bbox 935 1633 977 1666; x_wconf 91' lang='lat' dir='ltr'><strong>ac·</strong></span> <span class='ocrx_word' id='word_1_205' title='bbox 1003 1617 1122 1669; x_wconf 85' lang='lat' dir='ltr'><strong>inveniri</strong></span> <span class='ocrx_word' id='word_1_206' title='bbox 1151 1621 1257 1682; x_wconf 88' lang='lat' dir='ltr'><strong>potest,</strong></span> <span class='ocrx_word' id='word_1_207' title='bbox 1288 1615 1423 1681; x_wconf 87' lang='lat' dir='ltr'><strong>proditum</strong></span> <span class='ocrx_word' id='word_1_208' title='bbox 1453 1618 1487 1666; x_wconf 89' lang='lat' dir='ltr'><strong>ab</strong></span> <span class='ocrx_word' id='word_1_209' title='bbox 1514 1617 1638 1680; x_wconf 79' lang='lat' dir='ltr'><strong>Diogene</strong></span> <span class='ocrx_word' id='word_1_210' title='bbox 1660 1616 1774 1667; x_wconf 86' lang='lat' dir='ltr'><strong>Laertio</strong></span> <span class='ocrx_word' id='word_1_211' title='bbox 1803 1618 1832 1666; x_wconf 91' lang='lat' dir='ltr'><strong>in</strong></span> 
     </span>
     <span class='ocr_line' id='line_1_17' title="bbox 149 1689 1833 1759; baseline 0.002 -19"><span class='ocrx_word' id='word_1_212' title='bbox 149 1693 261 1740; x_wconf 85' lang='lat' dir='ltr'><strong>curatus</strong></span> <span class='ocrx_word' id='word_1_213' title='bbox 278 1689 326 1740; x_wconf 91' lang='lat' dir='ltr'><strong>ille</strong></span> <span class='ocrx_word' id='word_1_214' title='bbox 345 1692 539 1755; x_wconf 86' lang='lat' dir='ltr'><strong>grammaticus</strong></span> <span class='ocrx_word' id='word_1_215' title='bbox 557 1697 609 1752; x_wconf 88' lang='lat' dir='ltr'><strong>est,</strong></span> <span class='ocrx_word' id='word_1_216' title='bbox 634 1693 692 1758; x_wconf 91' lang='lat' dir='ltr'><strong>qui,</strong></span> <span class='ocrx_word' id='word_1_217' title='bbox 710 1709 745 1743; x_wconf 88' lang='lat' dir='ltr'><strong>ne</strong></span> <span class='ocrx_word' id='word_1_218' title='bbox 762 1693 817 1742; x_wconf 87' lang='lat' dir='ltr'><strong>iarn</strong></span> <span class='ocrx_word' id='word_1_219' title='bbox 836 1691 890 1743; x_wconf 91' lang='lat' dir='ltr'><strong>alia</strong></span> <span class='ocrx_word' id='word_1_220' title='bbox 909 1709 977 1742; x_wconf 91' lang='lat' dir='ltr'><strong>com·</strong></span> <span class='ocrx_word' id='word_1_221' title='bbox 1005 1695 1140 1759; x_wconf 91' lang='lat' dir='ltr'><strong>principio</strong></span> <span class='ocrx_word' id='word_1_222' title='bbox 1159 1694 1232 1744; x_wconf 83' lang='lat' dir='ltr'><strong>vitae</strong></span> <span class='ocrx_word' id='word_1_223' title='bbox 1252 1693 1372 1742; x_wconf 79' lang='lat' dir='ltr'><strong>Socratis</strong></span> <span class='ocrx_word' id='word_1_224' title='bbox 1386 1690 1421 1756; x_wconf 82' lang='lat'><strong>(2,</strong></span> <span class='ocrx_word' id='word_1_225' title='bbox 1432 1691 1483 1756; x_wconf 82' lang='lat'><strong>18.)</strong></span> <span class='ocrx_word' id='word_1_226' title='bbox 1502 1692 1550 1741; x_wconf 89' lang='lat' dir='ltr'><strong>nbi</strong></span> <span class='ocrx_word' id='word_1_227' title='bbox 1568 1691 1672 1742; x_wconf 88' lang='lat' dir='ltr'><strong>duobus</strong></span> <span class='ocrx_word' id='word_1_228' title='bbox 1685 1691 1833 1743; x_wconf 87' lang='lat' dir='ltr'><strong>Teleclidis</strong></span> 
     </span>
     <span class='ocr_line' id='line_1_18' title="bbox 148 1764 1832 1833; baseline 0.002 -17"><span class='ocrx_word' id='word_1_229' title='bbox 148 1781 303 1829; x_wconf 87' lang='lat' dir='ltr'><strong>memorem,</strong></span> <span class='ocrx_word' id='word_1_230' title='bbox 327 1782 353 1831; x_wconf 89' lang='grc' dir='ltr'><strong>ρ.</strong></span> <span class='ocrx_word' id='word_1_231' title='bbox 373 1769 414 1830; x_wconf 83' lang='grc'>97,</span> <span class='ocrx_word' id='word_1_232' title='bbox 434 1770 473 1817; x_wconf 83' lang='grc'><strong>14.</strong></span> <span class='ocrx_word' id='word_1_233' title='bbox 510 1764 696 1832; x_wconf 81' lang='grc' dir='ltr'>ἐκπερδικίσαι</span> <span class='ocrx_word' id='word_1_234' title='bbox 719 1767 813 1818; x_wconf 74' lang='lat' dir='ltr'><strong>attulit</strong></span> <span class='ocrx_word' id='word_1_235' title='bbox 830 1785 864 1818; x_wconf 85' lang='lat' dir='ltr'><strong>ex</strong></span> <span class='ocrx_word' id='word_1_236' title='bbox 882 1768 977 1818; x_wconf 91' lang='lat' dir='ltr'><strong>Eccle·</strong></span> <span class='ocrx_word' id='word_1_237' title='bbox 1006 1770 1129 1819; x_wconf 87' lang='lat' dir='ltr'><strong>versibus</strong></span> <span class='ocrx_word' id='word_1_238' title='bbox 1153 1765 1300 1833; x_wconf 82' lang='grc' dir='ltr'>Εὐριπίδης</span> <span class='ocrx_word' id='word_1_239' title='bbox 1324 1767 1348 1818; x_wconf 85' lang='grc' dir='ltr'><strong>δ’</strong></span> <span class='ocrx_word' id='word_1_240' title='bbox 1369 1767 1385 1819; x_wconf 88' lang='grc' dir='ltr'>ὁ</span> <span class='ocrx_word' id='word_1_241' title='bbox 1407 1767 1457 1829; x_wconf 87' lang='grc' dir='ltr'><strong>τάς</strong></span> <span class='ocrx_word' id='word_1_242' title='bbox 1478 1764 1635 1831; x_wconf 83' lang='grc' dir='ltr'>τραγῳδίας</span> <span class='ocrx_word' id='word_1_243' title='bbox 1656 1768 1747 1817; x_wconf 74' lang='lat' dir='ltr'><strong>norma</strong></span> <span class='ocrx_word' id='word_1_244' title='bbox 1763 1767 1767 1832; x_wconf 87' lang='lat' dir='ltr'><strong>l</strong></span> <span class='ocrx_word' id='word_1_245' title='bbox 1782 1767 1832 1828; x_wconf 85' lang='grc' dir='ltr'><strong>τὰς</strong></span> 
     </span>
     <span class='ocr_line' id='line_1_19' title="bbox 148 1840 1832 1909; baseline -0.001 -13"><span class='ocrx_word' id='word_1_246' title='bbox 148 1843 272 1906; x_wconf 86' lang='lat' dir='ltr'><strong>siaausie,</strong></span> <span class='ocrx_word' id='word_1_247' title='bbox 292 1842 365 1907; x_wconf 92' lang='lat' dir='ltr'><strong>quod</strong></span> <span class='ocrx_word' id='word_1_248' title='bbox 383 1843 484 1909; x_wconf 83' lang='lat' dir='ltr'><strong>legitur</strong></span> <span class='ocrx_word' id='word_1_249' title='bbox 501 1846 530 1894; x_wconf 86' lang='lat' dir='ltr'><strong>iu</strong></span> <span class='ocrx_word' id='word_1_250' title='bbox 547 1844 651 1894; x_wconf 79' lang='lat' dir='ltr'><strong>Avibus</strong></span> <span class='ocrx_word' id='word_1_251' title='bbox 669 1861 693 1898; x_wconf 84' lang='lat' dir='ltr'><strong>v.</strong></span> <span class='ocrx_word' id='word_1_252' title='bbox 705 1847 762 1898; x_wconf 76' lang='grc'>773.</span> <span class='ocrx_word' id='word_1_253' title='bbox 781 1843 977 1909; x_wconf 88' lang='grc' dir='ltr'>ἐπανορθώσα-</span> <span class='ocrx_word' id='word_1_254' title='bbox 1005 1842 1264 1908; x_wconf 89' lang='grc' dir='ltr'>οωκρατογόμφους</span> <span class='ocrx_word' id='word_1_255' title='bbox 1282 1841 1366 1904; x_wconf 86' lang='grc' dir='ltr'>αὑτός</span> <span class='ocrx_word' id='word_1_256' title='bbox 1385 1841 1444 1894; x_wconf 89' lang='grc' dir='ltr'>ἐστι</span> <span class='ocrx_word' id='word_1_257' title='bbox 1462 1841 1512 1904; x_wconf 87' lang='grc' dir='ltr'><strong>τάς</strong></span> <span class='ocrx_word' id='word_1_258' title='bbox 1530 1840 1621 1905; x_wconf 89' lang='grc' dir='ltr'>σοφάς</span> <span class='ocrx_word' id='word_1_259' title='bbox 1638 1842 1736 1892; x_wconf 88' lang='lat' dir='ltr'><strong>lemma</strong></span> <span class='ocrx_word' id='word_1_260' title='bbox 1755 1860 1832 1909; x_wconf 90' lang='lat' dir='ltr'><strong>prae-</strong></span> 
     </span>
     <span class='ocr_line' id='line_1_20' title="bbox 148 1917 1831 1988; baseline -0.001 -17"><span class='ocrx_word' id='word_1_261' title='bbox 148 1921 211 1971; x_wconf 85' lang='grc' dir='ltr'>σθαι</span> <span class='ocrx_word' id='word_1_262' title='bbox 229 1935 255 1984; x_wconf 91' lang='grc' dir='ltr'><strong>ρ.</strong></span> <span class='ocrx_word' id='word_1_263' title='bbox 274 1920 365 1982; x_wconf 74' lang='grc' dir='ltr'>θθ,2ὑ.</span> <span class='ocrx_word' id='word_1_264' title='bbox 385 1936 419 1970; x_wconf 88' lang='lat' dir='ltr'><strong>ex</strong></span> <span class='ocrx_word' id='word_1_265' title='bbox 438 1921 737 1987; x_wconf 84' lang='lat' dir='ltr'><strong>Thesmophoriaausis,</strong></span> <span class='ocrx_word' id='word_1_266' title='bbox 757 1921 828 1987; x_wconf 88' lang='lat' dir='ltr'><strong>qnod</strong></span> <span class='ocrx_word' id='word_1_267' title='bbox 847 1922 881 1971; x_wconf 91' lang='lat' dir='ltr'><strong>ad</strong></span> <span class='ocrx_word' id='word_1_268' title='bbox 899 1920 977 1985; x_wconf 86' lang='lat' dir='ltr'><strong>Lysi·</strong></span> <span class='ocrx_word' id='word_1_269' title='bbox 1005 1922 1134 1986; x_wconf 89' lang='lat' dir='ltr'><strong>scripturn</strong></span> <span class='ocrx_word' id='word_1_270' title='bbox 1158 1925 1202 1971; x_wconf 87' lang='lat' dir='ltr'><strong>cst</strong></span> <span class='ocrx_word' id='word_1_271' title='bbox 1230 1917 1433 1988; x_wconf 79' lang='grc' dir='ltr'>Ἀριστοφάνης</span> <span class='ocrx_word' id='word_1_272' title='bbox 1457 1917 1607 1983; x_wconf 80' lang='grc' dir='ltr'>Νεφέλαις,</span> <span class='ocrx_word' id='word_1_273' title='bbox 1642 1933 1676 1968; x_wconf 87' lang='lat' dir='ltr'><strong>ex</strong></span> <span class='ocrx_word' id='word_1_274' title='bbox 1700 1919 1831 1970; x_wconf 83' lang='lat' dir='ltr'><strong>inferiore</strong></span> 
     </span>
     <span class='ocr_line' id='line_1_21' title="bbox 149 1994 1831 2063; baseline 0 -17"><span class='ocrx_word' id='word_1_275' title='bbox 149 1999 253 2046; x_wconf 87' lang='lat' dir='ltr'><strong>stratae</strong></span> <span class='ocrx_word' id='word_1_276' title='bbox 272 2009 380 2045; x_wconf 90' lang='lat' dir='ltr'><strong>versum</strong></span> <span class='ocrx_word' id='word_1_277' title='bbox 397 1997 456 2046; x_wconf 74' lang='lat'><strong>528.</strong></span> <span class='ocrx_word' id='word_1_278' title='bbox 474 1998 609 2062; x_wconf 89' lang='lat' dir='ltr'><strong>pertinere</strong></span> <span class='ocrx_word' id='word_1_279' title='bbox 628 1997 751 2061; x_wconf 85' lang='lat' dir='ltr'><strong>videtur,</strong></span> <span class='ocrx_word' id='word_1_280' title='bbox 775 1999 822 2048; x_wconf 91' lang='lat' dir='ltr'><strong>ubi</strong></span> <span class='ocrx_word' id='word_1_281' title='bbox 840 1998 922 2047; x_wconf 91' lang='lat' dir='ltr'><strong>hodie</strong></span> <span class='ocrx_word' id='word_1_282' title='bbox 940 1996 977 2047; x_wconf 87' lang='lat' dir='ltr'><strong>le·</strong></span> <span class='ocrx_word' id='word_1_283' title='bbox 1005 1999 1096 2063; x_wconf 90' lang='lat' dir='ltr'><strong>aliquo</strong></span> <span class='ocrx_word' id='word_1_284' title='bbox 1124 1998 1157 2048; x_wconf 92' lang='lat' dir='ltr'><strong>de</strong></span> <span class='ocrx_word' id='word_1_285' title='bbox 1180 1997 1261 2046; x_wconf 87' lang='lat' dir='ltr'><strong>rebus</strong></span> <span class='ocrx_word' id='word_1_286' title='bbox 1285 1996 1407 2046; x_wconf 86' lang='lat' dir='ltr'><strong>Socratis</strong></span> <span class='ocrx_word' id='word_1_287' title='bbox 1430 2001 1560 2061; x_wconf 77' lang='lat' dir='ltr'><strong>excerpto</strong></span> <span class='ocrx_word' id='word_1_288' title='bbox 1582 1994 1770 2045; x_wconf 82' lang='lat' dir='ltr'><strong>bucilletum:</strong></span> <span class='ocrx_word' id='word_1_289' title='bbox 1799 1997 1831 2046; x_wconf 92' lang='lat' dir='ltr'><strong>de</strong></span> 
     </span>
     <span class='ocr_line' id='line_1_22' title="bbox 149 2069 1832 2139; baseline 0.002 -19"><span class='ocrx_word' id='word_1_290' title='bbox 149 2072 222 2136; x_wconf 88' lang='lat' dir='ltr'><strong>gitur</strong></span> <span class='ocrx_word' id='word_1_291' title='bbox 240 2069 493 2136; x_wconf 83' lang='grc' dir='ltr'>ἐπανορθώσαιμεν</span> <span class='ocrx_word' id='word_1_292' title='bbox 512 2071 546 2123; x_wconf 85' lang='grc' dir='ltr'>όν</span> <span class='ocrx_word' id='word_1_293' title='bbox 558 2072 634 2135; x_wconf 77' lang='grc' dir='ltr'>ὑμᾶς.</span> <span class='ocrx_word' id='word_1_294' title='bbox 658 2074 826 2126; x_wconf 85' lang='grc' dir='ltr'>καταλαλεῖν</span> <span class='ocrx_word' id='word_1_295' title='bbox 839 2075 928 2139; x_wconf 71' lang='lat' dir='ltr'><strong>piot,</strong></span> <span class='ocrx_word' id='word_1_296' title='bbox 937 2075 976 2123; x_wconf 84' lang='lat'><strong>15.</strong></span> <span class='ocrx_word' id='word_1_297' title='bbox 1005 2091 1058 2138; x_wconf 92' lang='lat' dir='ltr'><strong>quo</strong></span> <span class='ocrx_word' id='word_1_298' title='bbox 1077 2074 1200 2139; x_wconf 88' lang='lat' dir='ltr'><strong>pluribus</strong></span> <span class='ocrx_word' id='word_1_299' title='bbox 1218 2087 1268 2138; x_wconf 87' lang='lat' dir='ltr'><strong>ego</strong></span> <span class='ocrx_word' id='word_1_300' title='bbox 1282 2072 1339 2121; x_wconf 83' lang='lat' dir='ltr'><strong>dixi</strong></span> <span class='ocrx_word' id='word_1_301' title='bbox 1351 2072 1378 2120; x_wconf 89' lang='lat' dir='ltr'><strong>in</strong></span> <span class='ocrx_word' id='word_1_302' title='bbox 1392 2073 1616 2138; x_wconf 80' lang='lat' dir='ltr'><strong>Fragmentorum</strong></span> <span class='ocrx_word' id='word_1_303' title='bbox 1629 2071 1750 2122; x_wconf 87' lang='lat' dir='ltr'><strong>editione</strong></span> <span class='ocrx_word' id='word_1_304' title='bbox 1763 2074 1832 2124; x_wconf 88' lang='lat' dir='ltr'><strong>Oxo-</strong></span> 
     </span>
     <span class='ocr_line' id='line_1_23' title="bbox 148 2145 1833 2216; baseline 0.001 -18"><span class='ocrx_word' id='word_1_305' title='bbox 148 2164 181 2198; x_wconf 77' lang='grc' dir='ltr'>οι</span> <span class='ocrx_word' id='word_1_306' title='bbox 201 2145 286 2213; x_wconf 85' lang='grc' dir='ltr'>Γήρᾳ,</span> <span class='ocrx_word' id='word_1_307' title='bbox 306 2147 377 2211; x_wconf 91' lang='lat' dir='ltr'><strong>qnod</strong></span> <span class='ocrx_word' id='word_1_308' title='bbox 395 2153 490 2198; x_wconf 87' lang='lat' dir='ltr'><strong>exstat</strong></span> <span class='ocrx_word' id='word_1_309' title='bbox 507 2150 536 2199; x_wconf 91' lang='lat' dir='ltr'><strong>in</strong></span> <span class='ocrx_word' id='word_1_310' title='bbox 553 2151 651 2214; x_wconf 86' lang='lat' dir='ltr'><strong>Ranis,</strong></span> <span class='ocrx_word' id='word_1_311' title='bbox 675 2153 704 2200; x_wconf 93' lang='lat' dir='ltr'><strong>iu</strong></span> <span class='ocrx_word' id='word_1_312' title='bbox 723 2151 740 2202; x_wconf 88' lang='grc' dir='ltr'>Γ</span> <span class='ocrx_word' id='word_1_313' title='bbox 742 2149 795 2216; x_wconf 87' lang='grc' dir='ltr'><strong>ἡρᾳ</strong></span> <span class='ocrx_word' id='word_1_314' title='bbox 814 2156 906 2200; x_wconf 89' lang='lat' dir='ltr'><strong>autern</strong></span> <span class='ocrx_word' id='word_1_315' title='bbox 924 2149 978 2198; x_wconf 87' lang='lat' dir='ltr'><strong>for·</strong></span> <span class='ocrx_word' id='word_1_316' title='bbox 1004 2151 1095 2200; x_wconf 89' lang='lat' dir='ltr'><strong>niensi</strong></span> <span class='ocrx_word' id='word_1_317' title='bbox 1113 2166 1137 2215; x_wconf 93' lang='lat' dir='ltr'><strong>p.</strong></span> <span class='ocrx_word' id='word_1_318' title='bbox 1156 2151 1297 2199; x_wconf 77' lang='grc' dir='ltr'>ὑίί-ὑίδ.</span> <span class='ocrx_word' id='word_1_319' title='bbox 1315 2150 1344 2198; x_wconf 94' lang='lat' dir='ltr'><strong>in</strong></span> <span class='ocrx_word' id='word_1_320' title='bbox 1363 2163 1395 2198; x_wconf 88' lang='lat' dir='ltr'><strong>eo</strong></span> <span class='ocrx_word' id='word_1_321' title='bbox 1414 2151 1519 2199; x_wconf 89' lang='lat' dir='ltr'><strong>tantum</strong></span> <span class='ocrx_word' id='word_1_322' title='bbox 1539 2148 1625 2199; x_wconf 84' lang='lat' dir='ltr'><strong>falsus</strong></span> <span class='ocrx_word' id='word_1_323' title='bbox 1644 2148 1715 2213; x_wconf 91' lang='lat' dir='ltr'><strong>quod</strong></span> <span class='ocrx_word' id='word_1_324' title='bbox 1733 2150 1833 2200; x_wconf 89' lang='lat' dir='ltr'><strong>erroris</strong></span> 
     </span>
     <span class='ocr_line' id='line_1_24' title="bbox 149 2223 1832 2292; baseline 0.001 -20"><span class='ocrx_word' id='word_1_325' title='bbox 149 2229 221 2274; x_wconf 86' lang='lat' dir='ltr'><strong>tasse</strong></span> <span class='ocrx_word' id='word_1_326' title='bbox 240 2239 293 2273; x_wconf 89' lang='lat' dir='ltr'><strong>nou</strong></span> <span class='ocrx_word' id='word_1_327' title='bbox 311 2223 413 2273; x_wconf 91' lang='lat' dir='ltr'><strong>lectum</strong></span> <span class='ocrx_word' id='word_1_328' title='bbox 431 2224 492 2274; x_wconf 84' lang='lat' dir='ltr'><strong>fuit.</strong></span> <span class='ocrx_word' id='word_1_329' title='bbox 529 2223 640 2288; x_wconf 85' lang='grc' dir='ltr'>δβολίας</span> <span class='ocrx_word' id='word_1_330' title='bbox 658 2224 760 2290; x_wconf 83' lang='grc' dir='ltr'>ἄρτους</span> <span class='ocrx_word' id='word_1_331' title='bbox 778 2243 803 2292; x_wconf 95' lang='lat' dir='ltr'><strong>p.</strong></span> <span class='ocrx_word' id='word_1_332' title='bbox 824 2229 881 2289; x_wconf 86' lang='grc'>111,</span> <span class='ocrx_word' id='word_1_333' title='bbox 900 2227 923 2279; x_wconf 85' lang='grc'>7.</span> <span class='ocrx_word' id='word_1_334' title='bbox 944 2240 983 2275; x_wconf 85' lang='lat' dir='ltr'><strong>ex·</strong></span> <span class='ocrx_word' id='word_1_335' title='bbox 1005 2226 1111 2291; x_wconf 83' lang='lat' dir='ltr'><strong>culpa-m</strong></span> <span class='ocrx_word' id='word_1_336' title='bbox 1129 2226 1158 2275; x_wconf 87' lang='lat' dir='ltr'><strong>in</strong></span> <span class='ocrx_word' id='word_1_337' title='bbox 1176 2225 1327 2290; x_wconf 84' lang='lat' dir='ltr'><strong>Diogenem</strong></span> <span class='ocrx_word' id='word_1_338' title='bbox 1343 2224 1486 2274; x_wconf 88' lang='lat' dir='ltr'><strong>Laertiurn</strong></span> <span class='ocrx_word' id='word_1_339' title='bbox 1503 2223 1617 2278; x_wconf 86' lang='lat' dir='ltr'><strong>contuli.</strong></span> <span class='ocrx_word' id='word_1_340' title='bbox 1647 2225 1742 2288; x_wconf 85' lang='lat' dir='ltr'><strong>Neque</strong></span> <span class='ocrx_word' id='word_1_341' title='bbox 1761 2226 1832 2275; x_wconf 91' lang='lat' dir='ltr'><strong>enirn</strong></span> 
     </span>
     <span class='ocr_line' id='line_1_25' title="bbox 148 2297 1832 2368; baseline -0.001 -18"><span class='ocrx_word' id='word_1_342' title='bbox 148 2297 318 2363; x_wconf 76' lang='grc' dir='ltr'>Πελαργοῖς,</span> <span class='ocrx_word' id='word_1_343' title='bbox 338 2298 409 2364; x_wconf 92' lang='lat' dir='ltr'><strong>quod</strong></span> <span class='ocrx_word' id='word_1_344' title='bbox 427 2298 463 2350; x_wconf 91' lang='lat' dir='ltr'><strong>ad</strong></span> <span class='ocrx_word' id='word_1_345' title='bbox 478 2300 619 2365; x_wconf 82' lang='grc' dir='ltr'>Γεωργοὺς</span> <span class='ocrx_word' id='word_1_346' title='bbox 637 2303 729 2367; x_wconf 90' lang='lat' dir='ltr'><strong>potius</strong></span> <span class='ocrx_word' id='word_1_347' title='bbox 747 2303 885 2368; x_wconf 88' lang='lat' dir='ltr'><strong>pertinere</strong></span> <span class='ocrx_word' id='word_1_348' title='bbox 902 2301 977 2352; x_wconf 86' lang='lat' dir='ltr'><strong>vide·</strong></span> <span class='ocrx_word' id='word_1_349' title='bbox 1005 2303 1126 2353; x_wconf 88' lang='lat' dir='ltr'><strong>dubitari</strong></span> <span class='ocrx_word' id='word_1_350' title='bbox 1151 2307 1244 2366; x_wconf 89' lang='lat' dir='ltr'><strong>potest</strong></span> <span class='ocrx_word' id='word_1_351' title='bbox 1268 2301 1333 2366; x_wconf 91' lang='lat' dir='ltr'><strong>quin</strong></span> <span class='ocrx_word' id='word_1_352' title='bbox 1355 2305 1441 2350; x_wconf 87' lang='lat' dir='ltr'><strong>totum</strong></span> <span class='ocrx_word' id='word_1_353' title='bbox 1463 2299 1532 2350; x_wconf 92' lang='lat' dir='ltr'><strong>illud</strong></span> <span class='ocrx_word' id='word_1_354' title='bbox 1555 2305 1715 2365; x_wconf 86' lang='lat' dir='ltr'><strong>excerptum</strong></span> <span class='ocrx_word' id='word_1_355' title='bbox 1733 2299 1766 2350; x_wconf 92' lang='lat' dir='ltr'><strong>de</strong></span> <span class='ocrx_word' id='word_1_356' title='bbox 1785 2299 1832 2349; x_wconf 84' lang='lat' dir='ltr'><strong>So-</strong></span> 
     </span>
     <span class='ocr_line' id='line_1_26' title="bbox 149 2373 1833 2443; baseline 0 -17"><span class='ocrx_word' id='word_1_357' title='bbox 149 2376 232 2438; x_wconf 87' lang='lat' dir='ltr'><strong>bitnr,</strong></span> <span class='ocrx_word' id='word_1_358' title='bbox 251 2377 275 2425; x_wconf 92' lang='lat' dir='ltr'><strong>si</strong></span> <span class='ocrx_word' id='word_1_359' title='bbox 292 2375 464 2426; x_wconf 83' lang='lat' dir='ltr'><strong>Athenaeum</strong></span> <span class='ocrx_word' id='word_1_360' title='bbox 482 2391 622 2442; x_wconf 89' lang='lat' dir='ltr'><strong>compares</strong></span> <span class='ocrx_word' id='word_1_361' title='bbox 634 2381 659 2430; x_wconf 79' lang='grc'><strong>3.</strong></span> <span class='ocrx_word' id='word_1_362' title='bbox 673 2395 699 2443; x_wconf 86' lang='grc' dir='ltr'><strong>ρ.</strong></span> <span class='ocrx_word' id='word_1_363' title='bbox 713 2380 789 2430; x_wconf 88' lang='lat' dir='ltr'><strong>lilb.</strong></span> <span class='ocrx_word' id='word_1_364' title='bbox 824 2378 896 2428; x_wconf 91' lang='lat' dir='ltr'><strong>Illud</strong></span> <span class='ocrx_word' id='word_1_365' title='bbox 912 2393 977 2427; x_wconf 87' lang='lat' dir='ltr'><strong>vero</strong></span> <span class='ocrx_word' id='word_1_366' title='bbox 1005 2382 1081 2429; x_wconf 88' lang='lat' dir='ltr'><strong>crate</strong></span> <span class='ocrx_word' id='word_1_367' title='bbox 1099 2383 1127 2427; x_wconf 90' lang='lat' dir='ltr'><strong>et</strong></span> <span class='ocrx_word' id='word_1_368' title='bbox 1145 2377 1276 2442; x_wconf 85' lang='lat' dir='ltr'><strong>Euripide</strong></span> <span class='ocrx_word' id='word_1_369' title='bbox 1296 2373 1342 2438; x_wconf 90' lang='lat' dir='ltr'><strong>(ab</strong></span> <span class='ocrx_word' id='word_1_370' title='bbox 1360 2375 1452 2426; x_wconf 90' lang='lat' dir='ltr'><strong>verbis</strong></span> <span class='ocrx_word' id='word_1_371' title='bbox 1470 2373 1561 2427; x_wconf 87' lang='grc' dir='ltr'>ἐδόκει</span> <span class='ocrx_word' id='word_1_372' title='bbox 1577 2374 1607 2426; x_wconf 89' lang='grc' dir='ltr'>δέ</span> <span class='ocrx_word' id='word_1_373' title='bbox 1625 2377 1771 2438; x_wconf 82' lang='grc' dir='ltr'>συμποιεῖν</span> <span class='ocrx_word' id='word_1_374' title='bbox 1789 2391 1833 2426; x_wconf 92' lang='lat' dir='ltr'><strong>us·</strong></span> 
     </span>
     <span class='ocr_line' id='line_1_27' title="bbox 149 2450 1833 2521; baseline 0.002 -22"><span class='ocrx_word' id='word_1_375' title='bbox 149 2450 229 2516; x_wconf 86' lang='lat' dir='ltr'><strong>plane</strong></span> <span class='ocrx_word' id='word_1_376' title='bbox 248 2452 374 2516; x_wconf 90' lang='lat' dir='ltr'><strong>imperite</strong></span> <span class='ocrx_word' id='word_1_377' title='bbox 392 2451 426 2502; x_wconf 90' lang='lat' dir='ltr'><strong>ab</strong></span> <span class='ocrx_word' id='word_1_378' title='bbox 446 2452 608 2516; x_wconf 86' lang='lat' dir='ltr'><strong>quibusdem</strong></span> <span class='ocrx_word' id='word_1_379' title='bbox 626 2455 736 2517; x_wconf 85' lang='lat' dir='ltr'><strong>factum,</strong></span> <span class='ocrx_word' id='word_1_380' title='bbox 757 2453 828 2520; x_wconf 90' lang='lat' dir='ltr'><strong>quod</strong></span> <span class='ocrx_word' id='word_1_381' title='bbox 841 2453 876 2504; x_wconf 88' lang='lat' dir='ltr'><strong>ad</strong></span> <span class='ocrx_word' id='word_1_382' title='bbox 889 2453 977 2504; x_wconf 87' lang='lat' dir='ltr'><strong>diver·</strong></span> <span class='ocrx_word' id='word_1_383' title='bbox 1005 2472 1056 2521; x_wconf 91' lang='lat' dir='ltr'><strong>que</strong></span> <span class='ocrx_word' id='word_1_384' title='bbox 1075 2455 1111 2505; x_wconf 88' lang='lat' dir='ltr'><strong>ad</strong></span> <span class='ocrx_word' id='word_1_385' title='bbox 1132 2453 1216 2515; x_wconf 88' lang='grc' dir='ltr'>οὑτάς</span> <span class='ocrx_word' id='word_1_386' title='bbox 1238 2453 1298 2504; x_wconf 90' lang='grc' dir='ltr'>ἐστι</span> <span class='ocrx_word' id='word_1_387' title='bbox 1318 2452 1369 2514; x_wconf 87' lang='grc' dir='ltr'><strong>τὰς</strong></span> <span class='ocrx_word' id='word_1_388' title='bbox 1393 2450 1496 2517; x_wconf 91' lang='grc' dir='ltr'>σοφάς)</span> <span class='ocrx_word' id='word_1_389' title='bbox 1518 2468 1573 2504; x_wconf 92' lang='lat' dir='ltr'><strong>non</strong></span> <span class='ocrx_word' id='word_1_390' title='bbox 1596 2453 1630 2503; x_wconf 91' lang='lat' dir='ltr'><strong>ab</strong></span> <span class='ocrx_word' id='word_1_391' title='bbox 1652 2454 1776 2518; x_wconf 88' lang='lat' dir='ltr'><strong>Diogene</strong></span> <span class='ocrx_word' id='word_1_392' title='bbox 1795 2454 1833 2503; x_wconf 86' lang='lat' dir='ltr'><strong>ait</strong></span> 
     </span>
     <span class='ocr_line' id='line_1_28' title="bbox 148 2526 1832 2597; baseline -0.002 -19"><span class='ocrx_word' id='word_1_393' title='bbox 148 2543 205 2578; x_wconf 87' lang='lat' dir='ltr'><strong>sam</strong></span> <span class='ocrx_word' id='word_1_394' title='bbox 232 2527 326 2576; x_wconf 90' lang='lat' dir='ltr'><strong>nescio</strong></span> <span class='ocrx_word' id='word_1_395' title='bbox 353 2542 433 2591; x_wconf 90' lang='lat' dir='ltr'><strong>quam</strong></span> <span class='ocrx_word' id='word_1_396' title='bbox 461 2529 624 2594; x_wconf 84' lang='lat' dir='ltr'><strong>scripturam</strong></span> <span class='ocrx_word' id='word_1_397' title='bbox 644 2530 762 2580; x_wconf 83' lang='lat' dir='ltr'><strong>Nubium</strong></span> <span class='ocrx_word' id='word_1_398' title='bbox 785 2543 880 2580; x_wconf 82' lang='lat' dir='ltr'><strong>versus</strong></span> <span class='ocrx_word' id='word_1_399' title='bbox 903 2531 977 2580; x_wconf 83' lang='lat'><strong>1063.</strong></span> <span class='ocrx_word' id='word_1_400' title='bbox 1005 2531 1165 2597; x_wconf 86' lang='lat' dir='ltr'><strong>profectum,</strong></span> <span class='ocrx_word' id='word_1_401' title='bbox 1184 2530 1234 2580; x_wconf 88' lang='lat' dir='ltr'><strong>scd</strong></span> <span class='ocrx_word' id='word_1_402' title='bbox 1252 2531 1287 2580; x_wconf 89' lang='lat' dir='ltr'><strong>ab</strong></span> <span class='ocrx_word' id='word_1_403' title='bbox 1305 2529 1505 2594; x_wconf 87' lang='lat' dir='ltr'><strong>interpolatore</strong></span> <span class='ocrx_word' id='word_1_404' title='bbox 1524 2529 1631 2586; x_wconf 86' lang='lat' dir='ltr'><strong>illatum</strong></span> <span class='ocrx_word' id='word_1_405' title='bbox 1650 2545 1683 2579; x_wconf 82' lang='lat' dir='ltr'><strong>ex</strong></span> <span class='ocrx_word' id='word_1_406' title='bbox 1700 2531 1765 2580; x_wconf 87' lang='lat' dir='ltr'><strong>Vita</strong></span> <span class='ocrx_word' id='word_1_407' title='bbox 1783 2526 1832 2576; x_wconf 90' lang='lat' dir='ltr'><strong>ali-</strong></span> 
     </span>
     <span class='ocr_line' id='line_1_29' title="bbox 148 2600 1832 2670; baseline 0 -18"><span class='ocrx_word' id='word_1_408' title='bbox 148 2600 271 2666; x_wconf 88' lang='grc' dir='ltr'>(Πηλεύς</span> <span class='ocrx_word' id='word_1_409' title='bbox 288 2602 377 2666; x_wconf 62' lang='grc' dir='ltr'>,ἔλαβε</span> <span class='ocrx_word' id='word_1_410' title='bbox 400 2603 444 2655; x_wconf 90' lang='grc' dir='ltr'><strong>διά</strong></span> <span class='ocrx_word' id='word_1_411' title='bbox 461 2606 548 2655; x_wconf 86' lang='grc' dir='ltr'>τούτο</span> <span class='ocrx_word' id='word_1_412' title='bbox 565 2604 619 2669; x_wconf 90' lang='grc' dir='ltr'><strong>τήν</strong></span> <span class='ocrx_word' id='word_1_413' title='bbox 642 2605 787 2670; x_wconf 72' lang='grc' dir='ltr'>μάχαιραν)</span> <span class='ocrx_word' id='word_1_414' title='bbox 810 2605 978 2656; x_wconf 90' lang='lat' dir='ltr'><strong>rettulerunt</strong></span> <span class='ocrx_word' id='word_1_415' title='bbox 1005 2619 1059 2668; x_wconf 87' lang='lat' dir='ltr'><strong>qua</strong></span> <span class='ocrx_word' id='word_1_416' title='bbox 1076 2604 1229 2670; x_wconf 87' lang='lat' dir='ltr'><strong>Euripidis:</strong></span> <span class='ocrx_word' id='word_1_417' title='bbox 1260 2605 1293 2655; x_wconf 91' lang='lat' dir='ltr'><strong>de</strong></span> <span class='ocrx_word' id='word_1_418' title='bbox 1321 2620 1373 2670; x_wconf 92' lang='lat' dir='ltr'><strong>qno</strong></span> <span class='ocrx_word' id='word_1_419' title='bbox 1394 2605 1536 2654; x_wconf 85' lang='lat' dir='ltr'><strong>verissime</strong></span> <span class='ocrx_word' id='word_1_420' title='bbox 1559 2604 1693 2655; x_wconf 83' lang='lat' dir='ltr'><strong>iudicarit</strong></span> <span class='ocrx_word' id='word_1_421' title='bbox 1716 2605 1747 2654; x_wconf 87' lang='lat' dir='ltr'><strong>L.</strong></span> <span class='ocrx_word' id='word_1_422' title='bbox 1765 2603 1832 2653; x_wconf 91' lang='lat' dir='ltr'><strong>Din-</strong></span> 
     </span>
     <span class='ocr_line' id='line_1_30' title="bbox 147 2678 1830 2748; baseline 0.002 -20"><span class='ocrx_word' id='word_1_423' title='bbox 147 2678 238 2729; x_wconf 90' lang='lat' dir='ltr'><strong>Photii</strong></span> <span class='ocrx_word' id='word_1_424' title='bbox 257 2682 342 2730; x_wconf 86' lang='lat' dir='ltr'><strong>verba</strong></span> <span class='ocrx_word' id='word_1_425' title='bbox 359 2697 385 2746; x_wconf 89' lang='lat' dir='ltr'><strong>p.</strong></span> <span class='ocrx_word' id='word_1_426' title='bbox 402 2683 466 2744; x_wconf 79' lang='lat'><strong>428,</strong></span> <span class='ocrx_word' id='word_1_427' title='bbox 485 2685 508 2732; x_wconf 88' lang='grc'>8.</span> <span class='ocrx_word' id='word_1_428' title='bbox 533 2681 567 2731; x_wconf 90' lang='lat' dir='ltr'><strong>de</strong></span> <span class='ocrx_word' id='word_1_429' title='bbox 586 2684 730 2748; x_wconf 82' lang='lat' dir='ltr'><strong>proverbio</strong></span> <span class='ocrx_word' id='word_1_430' title='bbox 753 2681 896 2747; x_wconf 87' lang='grc' dir='ltr'>Πηλέως</span> <span class='ocrx_word' id='word_1_431' title='bbox 920 2680 977 2744; x_wconf 85' lang='grc' dir='ltr'><strong>μά·</strong></span> <span class='ocrx_word' id='word_1_432' title='bbox 1004 2680 1105 2730; x_wconf 89' lang='lat' dir='ltr'><strong>dorfius</strong></span> <span class='ocrx_word' id='word_1_433' title='bbox 1117 2682 1145 2730; x_wconf 90' lang='lat' dir='ltr'><strong>iu</strong></span> <span class='ocrx_word' id='word_1_434' title='bbox 1155 2681 1334 2732; x_wconf 85' lang='lat' dir='ltr'><strong>Praefatione</strong></span> <span class='ocrx_word' id='word_1_435' title='bbox 1344 2679 1379 2731; x_wconf 91' lang='lat' dir='ltr'><strong>ad</strong></span> <span class='ocrx_word' id='word_1_436' title='bbox 1388 2679 1513 2745; x_wconf 91' lang='lat' dir='ltr'><strong>Xenoph.</strong></span> <span class='ocrx_word' id='word_1_437' title='bbox 1522 2680 1710 2730; x_wconf 85' lang='lat' dir='ltr'><strong>ltlemorabilia</strong></span> <span class='ocrx_word' id='word_1_438' title='bbox 1720 2697 1745 2746; x_wconf 90' lang='lat' dir='ltr'><strong>p.</strong></span> <span class='ocrx_word' id='word_1_439' title='bbox 1757 2679 1830 2732; x_wconf 85' lang='lat' dir='ltr'>XIX.</span> 
     </span>
     <span class='ocr_line' id='line_1_31' title="bbox 148 2755 1151 2823; baseline 0.004 -19"><span class='ocrx_word' id='word_1_440' title='bbox 148 2767 262 2819; x_wconf 85' lang='grc' dir='ltr'>χαιρα,</span> <span class='ocrx_word' id='word_1_441' title='bbox 287 2757 335 2806; x_wconf 89' lang='lat' dir='ltr'><strong>nbi</strong></span> <span class='ocrx_word' id='word_1_442' title='bbox 363 2771 395 2806; x_wconf 89' lang='lat' dir='ltr'><strong>ex</strong></span> <span class='ocrx_word' id='word_1_443' title='bbox 417 2757 477 2823; x_wconf 90' lang='lat' dir='ltr'><strong>ipso</strong></span> <span class='ocrx_word' id='word_1_444' title='bbox 494 2757 579 2808; x_wconf 84' lang='lat' dir='ltr'><strong>verbo</strong></span> <span class='ocrx_word' id='word_1_445' title='bbox 602 2755 755 2822; x_wconf 81' lang='grc' dir='ltr'>ἀναγράφει</span> <span class='ocrx_word' id='word_1_446' title='bbox 775 2755 977 2822; x_wconf 89' lang='grc' dir='ltr'>Ἀριστοφάνης</span> <span class='ocrx_word' id='word_1_447' title='bbox 1003 2757 1045 2807; x_wconf 87' lang='lat' dir='ltr'><strong>ed.</strong></span> <span class='ocrx_word' id='word_1_448' title='bbox 1065 2756 1151 2810; x_wconf 85' lang='lat' dir='ltr'><strong>Oxou.</strong></span> 
     </span>
    </p>

    <p class='ocr_par' dir='ltr' id='par_1_5' title="bbox 150 2832 976 2900">
     <span class='ocr_line' id='line_1_32' title="bbox 150 2832 976 2900; baseline -0.005 -16"><span class='ocrx_word' id='word_1_449' title='bbox 150 2837 274 2898; x_wconf 83' lang='lat' dir='ltr'><strong>apertum</strong></span> <span class='ocrx_word' id='word_1_450' title='bbox 292 2837 407 2883; x_wconf 88' lang='lat' dir='ltr'><strong>estnon</strong></span> <span class='ocrx_word' id='word_1_451' title='bbox 426 2833 571 2896; x_wconf 86' lang='lat' dir='ltr'><strong>comicum,</strong></span> <span class='ocrx_word' id='word_1_452' title='bbox 595 2834 642 2899; x_wconf 90' lang='lat' dir='ltr'><strong>qui</strong></span> <span class='ocrx_word' id='word_1_453' title='bbox 660 2834 751 2900; x_wconf 88' lang='lat' dir='ltr'><strong>potins</strong></span> <span class='ocrx_word' id='word_1_454' title='bbox 770 2833 919 2898; x_wconf 82' lang='grc' dir='ltr'>κεχρῆσθαι</span> <span class='ocrx_word' id='word_1_455' title='bbox 938 2832 976 2881; x_wconf 91' lang='lat' dir='ltr'><strong>di-</strong></span> 
     </span>
    </p>
   </div>
   <div class='ocr_carea' id='block_1_4' title="bbox 824 3067 1158 3146">
    <p class='ocr_par' dir='ltr' id='par_1_6' title="bbox 824 3067 1158 3146">
     <span class='ocr_line' id='line_1_33' title="bbox 824 3067 1158 3146; baseline -0.006 0"><span class='ocrx_word' id='word_1_456' title='bbox 824 3067 1158 3146; x_wconf 78' lang='grc' dir='ltr'>ΠΡΟΑΓΩΝ.</span> 
     </span>
    </p>
   </div>
   <div class='ocr_carea' id='block_1_5' title="bbox 147 3239 1833 4525">
    <p class='ocr_par' dir='ltr' id='par_1_7' title="bbox 147 3239 1833 4447">
     <span class='ocr_line' id='line_1_34' title="bbox 186 3239 1832 3308; baseline -0.001 -16"><span class='ocrx_word' id='word_1_457' title='bbox 186 3239 308 3306; x_wconf 83' lang='lat' dir='ltr'><strong>Scriptor</strong></span> <span class='ocrx_word' id='word_1_458' title='bbox 332 3241 503 3293; x_wconf 75' lang='lat' dir='ltr'><strong>didascalice</strong></span> <span class='ocrx_word' id='word_1_459' title='bbox 525 3245 690 3308; x_wconf 78' lang='lat' dir='ltr'><strong>vesparum,</strong></span> <span class='ocrx_word' id='word_1_460' title='bbox 714 3241 841 3308; x_wconf 86' lang='grc' dir='ltr'>ἐδιδάχθη</span> <span class='ocrx_word' id='word_1_461' title='bbox 864 3241 910 3294; x_wconf 86' lang='grc' dir='ltr'><strong>ἐπί</strong></span> <span class='ocrx_word' id='word_1_462' title='bbox 932 3245 977 3307; x_wconf 80' lang='lat' dir='ltr'><strong>dp·</strong></span> <span class='ocrx_word' id='word_1_463' title='bbox 1003 3244 1058 3308; x_wconf 86' lang='grc' dir='ltr'>σίᾳ.</span> <span class='ocrx_word' id='word_1_464' title='bbox 1100 3239 1266 3305; x_wconf 84' lang='grc' dir='ltr'>ὑπεκρίνετο</span> <span class='ocrx_word' id='word_1_465' title='bbox 1289 3239 1496 3304; x_wconf 88' lang='grc' dir='ltr'>Ἀριστόμαχος.</span> <span class='ocrx_word' id='word_1_466' title='bbox 1538 3239 1681 3303; x_wconf 88' lang='grc' dir='ltr'>Διόδωρος</span> <span class='ocrx_word' id='word_1_467' title='bbox 1703 3239 1832 3304; x_wconf 90' lang='grc' dir='ltr'>δεύτερος</span> 
     </span>
     <span class='ocr_line' id='line_1_35' title="bbox 149 3313 1832 3384; baseline 0.001 -19"><span class='ocrx_word' id='word_1_468' title='bbox 149 3329 248 3378; x_wconf 85' lang='grc' dir='ltr'>χοντος</span> <span class='ocrx_word' id='word_1_469' title='bbox 269 3314 398 3377; x_wconf 86' lang='grc' dir='ltr'>Ἀμυνίου</span> <span class='ocrx_word' id='word_1_470' title='bbox 421 3316 464 3369; x_wconf 85' lang='grc' dir='ltr'><strong>διὰ</strong></span> <span class='ocrx_word' id='word_1_471' title='bbox 476 3314 634 3368; x_wconf 88' lang='grc' dir='ltr'>Φιλωνίδου</span> <span class='ocrx_word' id='word_1_472' title='bbox 656 3317 688 3368; x_wconf 91' lang='grc' dir='ltr'>ἐν</span> <span class='ocrx_word' id='word_1_473' title='bbox 705 3322 741 3384; x_wconf 76' lang='grc' dir='ltr'>τί]</span> <span class='ocrx_word' id='word_1_474' title='bbox 760 3314 806 3370; x_wconf 90' lang='grc' dir='ltr'>πθ’</span> <span class='ocrx_word' id='word_1_475' title='bbox 824 3317 977 3381; x_wconf 86' lang='grc' dir='ltr'>ὀλυμπιάδι.</span> <span class='ocrx_word' id='word_1_476' title='bbox 1005 3316 1111 3382; x_wconf 82' lang='grc' dir='ltr'>Νεκρῷ.</span> <span class='ocrx_word' id='word_1_477' title='bbox 1145 3313 1312 3382; x_wconf 83' lang='grc' dir='ltr'>ὑπεκρίνετο</span> <span class='ocrx_word' id='word_1_478' title='bbox 1332 3315 1537 3380; x_wconf 85' lang='grc' dir='ltr'>Ἀριστόμαχος.</span> <span class='ocrx_word' id='word_1_479' title='bbox 1577 3313 1721 3379; x_wconf 90' lang='grc' dir='ltr'>Διόδωρος</span> <span class='ocrx_word' id='word_1_480' title='bbox 1738 3315 1832 3382; x_wconf 91' lang='grc' dir='ltr'>τρίτος</span> 
     </span>
     <span class='ocr_line' id='line_1_36' title="bbox 149 3389 1542 3459; baseline 0.003 -21"><span class='ocrx_word' id='word_1_481' title='bbox 149 3389 279 3454; x_wconf 89' lang='grc' dir='ltr'>δεύτερος</span> <span class='ocrx_word' id='word_1_482' title='bbox 297 3389 335 3454; x_wconf 81' lang='grc' dir='ltr'>ἠν</span> <span class='ocrx_word' id='word_1_483' title='bbox 353 3390 392 3453; x_wconf 92' lang='grc' dir='ltr'><strong>είς</strong></span> <span class='ocrx_word' id='word_1_484' title='bbox 409 3391 523 3456; x_wconf 89' lang='grc' dir='ltr'>Λήναια.</span> <span class='ocrx_word' id='word_1_485' title='bbox 559 3393 604 3444; x_wconf 90' lang='grc' dir='ltr'><strong>καί</strong></span> <span class='ocrx_word' id='word_1_486' title='bbox 622 3390 698 3444; x_wconf 91' lang='grc' dir='ltr'>ἐνίκα</span> <span class='ocrx_word' id='word_1_487' title='bbox 716 3397 829 3457; x_wconf 84' lang='grc' dir='ltr'>πρῶτος</span> <span class='ocrx_word' id='word_1_488' title='bbox 848 3390 977 3459; x_wconf 76' lang='grc' dir='ltr'>[Φιλωνί</span> <span class='ocrx_word' id='word_1_489' title='bbox 1005 3391 1181 3459; x_wconf 88' lang='grc' dir='ltr'>Μαινομένιρ.</span> <span class='ocrx_word' id='word_1_490' title='bbox 1216 3389 1383 3456; x_wconf 84' lang='grc' dir='ltr'>ὑπεκρίνετο</span> <span class='ocrx_word' id='word_1_491' title='bbox 1402 3391 1542 3456; x_wconf 86' lang='grc' dir='ltr'>Κηφίσιος.</span> 
     </span>
     <span class='ocr_line' id='line_1_37' title="bbox 149 3464 1832 3534; baseline 0.002 -19"><span class='ocrx_word' id='word_1_492' title='bbox 149 3464 210 3532; x_wconf 89' lang='grc' dir='ltr'>δης]</span> <span class='ocrx_word' id='word_1_493' title='bbox 230 3465 391 3531; x_wconf 84' lang='grc' dir='ltr'>Προαγῶνι.</span> <span class='ocrx_word' id='word_1_494' title='bbox 425 3467 542 3520; x_wconf 83' lang='grc' dir='ltr'>Λεύκων</span> <span class='ocrx_word' id='word_1_495' title='bbox 558 3467 697 3533; x_wconf 88' lang='grc' dir='ltr'>Πρέσβεσι</span> <span class='ocrx_word' id='word_1_496' title='bbox 713 3467 814 3533; x_wconf 87' lang='grc' dir='ltr'>τρίτος.</span> <span class='ocrx_word' id='word_1_497' title='bbox 836 3471 884 3521; x_wconf 89' lang='lat' dir='ltr'><strong>ubi</strong></span> <span class='ocrx_word' id='word_1_498' title='bbox 901 3468 977 3521; x_wconf 86' lang='grc' dir='ltr'>ἐνίκα</span> <span class='ocrx_word' id='word_1_499' title='bbox 1038 3471 1077 3520; x_wconf 90' lang='lat' dir='ltr'><strong>De</strong></span> <span class='ocrx_word' id='word_1_500' title='bbox 1097 3474 1257 3534; x_wconf 86' lang='lat' dir='ltr'><strong>argumento</strong></span> <span class='ocrx_word' id='word_1_501' title='bbox 1276 3469 1386 3519; x_wconf 79' lang='lat' dir='ltr'><strong>fabulae</strong></span> <span class='ocrx_word' id='word_1_502' title='bbox 1406 3471 1460 3519; x_wconf 88' lang='lat' dir='ltr'><strong>etsi</strong></span> <span class='ocrx_word' id='word_1_503' title='bbox 1479 3470 1606 3534; x_wconf 87' lang='lat' dir='ltr'><strong>exignum</strong></span> <span class='ocrx_word' id='word_1_504' title='bbox 1630 3473 1673 3518; x_wconf 87' lang='lat' dir='ltr'><strong>est</strong></span> <span class='ocrx_word' id='word_1_505' title='bbox 1692 3469 1763 3532; x_wconf 90' lang='lat' dir='ltr'><strong>quod</strong></span> <span class='ocrx_word' id='word_1_506' title='bbox 1782 3471 1832 3519; x_wconf 88' lang='lat' dir='ltr'><strong>sci·</strong></span> 
     </span>
     <span class='ocr_line' id='line_1_38' title="bbox 152 3537 1832 3612; baseline 0.001 -20"><span class='ocrx_word' id='word_1_507' title='bbox 152 3545 263 3607; x_wconf 83' lang='grc' dir='ltr'>πρῶτος</span> <span class='ocrx_word' id='word_1_508' title='bbox 283 3544 383 3594; x_wconf 87' lang='lat' dir='ltr'><strong>dictum</strong></span> <span class='ocrx_word' id='word_1_509' title='bbox 406 3551 448 3596; x_wconf 88' lang='lat' dir='ltr'><strong>est</strong></span> <span class='ocrx_word' id='word_1_510' title='bbox 469 3549 500 3594; x_wconf 87' lang='lat' dir='ltr'><strong>ut</strong></span> <span class='ocrx_word' id='word_1_511' title='bbox 522 3546 550 3595; x_wconf 91' lang='lat' dir='ltr'><strong>in</strong></span> <span class='ocrx_word' id='word_1_512' title='bbox 569 3545 721 3596; x_wconf 77' lang='lat' dir='ltr'><strong>didascalia</strong></span> <span class='ocrx_word' id='word_1_513' title='bbox 739 3547 882 3612; x_wconf 87' lang='lat' dir='ltr'><strong>Equitum,</strong></span> <span class='ocrx_word' id='word_1_514' title='bbox 901 3547 977 3611; x_wconf 83' lang='grc' dir='ltr'>πρῶ·</span> <span class='ocrx_word' id='word_1_515' title='bbox 1003 3561 1076 3610; x_wconf 89' lang='lat' dir='ltr'><strong>mus,</strong></span> <span class='ocrx_word' id='word_1_516' title='bbox 1096 3549 1188 3598; x_wconf 82' lang='lat' dir='ltr'><strong>tamen</strong></span> <span class='ocrx_word' id='word_1_517' title='bbox 1206 3547 1295 3610; x_wconf 88' lang='lat' dir='ltr'><strong>ipsum</strong></span> <span class='ocrx_word' id='word_1_518' title='bbox 1308 3559 1414 3610; x_wconf 88' lang='lat' dir='ltr'><strong>quoque</strong></span> <span class='ocrx_word' id='word_1_519' title='bbox 1429 3545 1597 3595; x_wconf 85' lang='lat' dir='ltr'><strong>didascaliae</strong></span> <span class='ocrx_word' id='word_1_520' title='bbox 1611 3537 1832 3610; x_wconf 81' lang='lat' dir='ltr'><strong>interpretationi</strong></span> 
     </span>
     <span class='ocr_line' id='line_1_39' title="bbox 148 3616 1832 3688; baseline 0.001 -19"><span class='ocrx_word' id='word_1_521' title='bbox 148 3633 196 3680; x_wconf 88' lang='grc' dir='ltr'><strong>τος</strong></span> <span class='ocrx_word' id='word_1_522' title='bbox 215 3616 302 3670; x_wconf 87' lang='grc' dir='ltr'>ἐνίκα·</span> <span class='ocrx_word' id='word_1_523' title='bbox 325 3619 456 3685; x_wconf 90' lang='grc' dir='ltr'>δεύτερος</span> <span class='ocrx_word' id='word_1_524' title='bbox 475 3619 609 3686; x_wconf 76' lang='grc' dir='ltr'>Κρατῖνος</span> <span class='ocrx_word' id='word_1_525' title='bbox 627 3620 773 3686; x_wconf 90' lang='grc' dir='ltr'>Σατύροις·</span> <span class='ocrx_word' id='word_1_526' title='bbox 796 3619 890 3686; x_wconf 89' lang='grc' dir='ltr'>τρίτος</span> <span class='ocrx_word' id='word_1_527' title='bbox 909 3621 976 3688; x_wconf 81' lang='grc' dir='ltr'>Ἀρι·</span> <span class='ocrx_word' id='word_1_528' title='bbox 1004 3626 1114 3672; x_wconf 88' lang='lat' dir='ltr'><strong>nostrae</strong></span> <span class='ocrx_word' id='word_1_529' title='bbox 1132 3622 1218 3672; x_wconf 86' lang='lat' dir='ltr'><strong>lavet.</strong></span> <span class='ocrx_word' id='word_1_530' title='bbox 1253 3621 1295 3670; x_wconf 85' lang='lat' dir='ltr'><strong>Ab</strong></span> <span class='ocrx_word' id='word_1_531' title='bbox 1313 3621 1465 3671; x_wconf 83' lang='lat' dir='ltr'><strong>scholiasta</strong></span> <span class='ocrx_word' id='word_1_532' title='bbox 1484 3621 1557 3670; x_wconf 91' lang='lat' dir='ltr'><strong>enim</strong></span> <span class='ocrx_word' id='word_1_533' title='bbox 1575 3623 1727 3686; x_wconf 78' lang='lat' dir='ltr'><strong>vesparum</strong></span> <span class='ocrx_word' id='word_1_534' title='bbox 1745 3636 1771 3673; x_wconf 87' lang='lat' dir='ltr'><strong>v.</strong></span> <span class='ocrx_word' id='word_1_535' title='bbox 1790 3623 1832 3681; x_wconf 90' lang='grc' dir='ltr'><strong>θί,</strong></span> 
     </span>
     <span class='ocr_line' id='line_1_40' title="bbox 148 3680 1831 3765; baseline 0.001 -18"><span class='ocrx_word' id='word_1_536' title='bbox 148 3693 472 3762; x_wconf 82' lang='grc' dir='ltr'>στομένηςὙλοφόροις.</span> <span class='ocrx_word' id='word_1_537' title='bbox 503 3680 659 3761; x_wconf 81' lang='grc' dir='ltr'>Φιλωιίίδης</span> <span class='ocrx_word' id='word_1_538' title='bbox 675 3714 753 3763; x_wconf 89' lang='lat' dir='ltr'><strong>vero,</strong></span> <span class='ocrx_word' id='word_1_539' title='bbox 772 3699 825 3750; x_wconf 89' lang='lat' dir='ltr'><strong>etsi</strong></span> <span class='ocrx_word' id='word_1_540' title='bbox 838 3701 977 3765; x_wconf 90' lang='lat' dir='ltr'><strong>satispro·</strong></span> <span class='ocrx_word' id='word_1_541' title='bbox 1003 3701 1175 3764; x_wconf 87' lang='lat' dir='ltr'><strong>Proagonem</strong></span> <span class='ocrx_word' id='word_1_542' title='bbox 1192 3697 1319 3763; x_wconf 86' lang='lat' dir='ltr'><strong>Euripidi</strong></span> <span class='ocrx_word' id='word_1_543' title='bbox 1339 3697 1506 3762; x_wconf 87' lang='lat' dir='ltr'><strong>exagitando</strong></span> <span class='ocrx_word' id='word_1_544' title='bbox 1529 3698 1657 3763; x_wconf 85' lang='lat' dir='ltr'><strong>scriptam</strong></span> <span class='ocrx_word' id='word_1_545' title='bbox 1674 3698 1759 3748; x_wconf 86' lang='lat' dir='ltr'><strong>luisse</strong></span> <span class='ocrx_word' id='word_1_546' title='bbox 1778 3705 1831 3748; x_wconf 86' lang='lat' dir='ltr'><strong>tra-</strong></span> 
     </span>
     <span class='ocr_line' id='line_1_41' title="bbox 148 3771 1832 3840; baseline 0.002 -18"><span class='ocrx_word' id='word_1_547' title='bbox 148 3771 240 3822; x_wconf 90' lang='lat' dir='ltr'><strong>babile</strong></span> <span class='ocrx_word' id='word_1_548' title='bbox 259 3776 302 3822; x_wconf 87' lang='lat' dir='ltr'><strong>est</strong></span> <span class='ocrx_word' id='word_1_549' title='bbox 321 3771 494 3823; x_wconf 89' lang='lat' dir='ltr'><strong>Philonidem</strong></span> <span class='ocrx_word' id='word_1_550' title='bbox 511 3772 672 3838; x_wconf 86' lang='grc' dir='ltr'>Προαγῶνα</span> <span class='ocrx_word' id='word_1_551' title='bbox 691 3789 798 3840; x_wconf 90' lang='lat' dir='ltr'><strong>quoque</strong></span> <span class='ocrx_word' id='word_1_552' title='bbox 818 3775 916 3840; x_wconf 86' lang='lat' dir='ltr'><strong>egisse,</strong></span> <span class='ocrx_word' id='word_1_553' title='bbox 935 3781 976 3826; x_wconf 85' lang='lat' dir='ltr'><strong>ta·</strong></span> <span class='ocrx_word' id='word_1_554' title='bbox 1004 3777 1090 3827; x_wconf 85' lang='lat' dir='ltr'><strong>ditur:</strong></span> <span class='ocrx_word' id='word_1_555' title='bbox 1121 3791 1201 3839; x_wconf 89' lang='lat' dir='ltr'><strong>quem</strong></span> <span class='ocrx_word' id='word_1_556' title='bbox 1220 3791 1273 3840; x_wconf 92' lang='lat' dir='ltr'><strong>quo</strong></span> <span class='ocrx_word' id='word_1_557' title='bbox 1295 3774 1410 3824; x_wconf 85' lang='lat' dir='ltr'><strong>consilio</strong></span> <span class='ocrx_word' id='word_1_558' title='bbox 1432 3773 1615 3824; x_wconf 88' lang='lat' dir='ltr'><strong>introduxerit</strong></span> <span class='ocrx_word' id='word_1_559' title='bbox 1632 3778 1715 3839; x_wconf 86' lang='lat' dir='ltr'><strong>pocta</strong></span> <span class='ocrx_word' id='word_1_560' title='bbox 1734 3790 1768 3824; x_wconf 88' lang='lat' dir='ltr'><strong>ex</strong></span> <span class='ocrx_word' id='word_1_561' title='bbox 1786 3793 1832 3826; x_wconf 91' lang='lat' dir='ltr'><strong>no·</strong></span> 
     </span>
     <span class='ocr_line' id='line_1_42' title="bbox 148 3841 1832 3916; baseline 0.002 -18"><span class='ocrx_word' id='word_1_562' title='bbox 148 3864 209 3898; x_wconf 88' lang='lat' dir='ltr'><strong>men</strong></span> <span class='ocrx_word' id='word_1_563' title='bbox 227 3841 303 3898; x_wconf 86' lang='lat' dir='ltr'><strong>recle</strong></span> <span class='ocrx_word' id='word_1_564' title='bbox 322 3846 442 3898; x_wconf 88' lang='lat' dir='ltr'><strong>deletum</strong></span> <span class='ocrx_word' id='word_1_565' title='bbox 466 3854 509 3899; x_wconf 87' lang='lat' dir='ltr'><strong>est</strong></span> <span class='ocrx_word' id='word_1_566' title='bbox 527 3851 561 3901; x_wconf 95' lang='lat' dir='ltr'><strong>ab</strong></span> <span class='ocrx_word' id='word_1_567' title='bbox 581 3851 738 3900; x_wconf 89' lang='lat' dir='ltr'><strong>Hermanno</strong></span> <span class='ocrx_word' id='word_1_568' title='bbox 756 3851 784 3900; x_wconf 90' lang='lat' dir='ltr'><strong>in</strong></span> <span class='ocrx_word' id='word_1_569' title='bbox 802 3851 976 3916; x_wconf 88' lang='lat' dir='ltr'><strong>Ephemerid.</strong></span> <span class='ocrx_word' id='word_1_570' title='bbox 1004 3854 1076 3904; x_wconf 90' lang='lat' dir='ltr'><strong>mine</strong></span> <span class='ocrx_word' id='word_1_571' title='bbox 1095 3851 1205 3902; x_wconf 87' lang='lat' dir='ltr'><strong>fabulae</strong></span> <span class='ocrx_word' id='word_1_572' title='bbox 1224 3867 1278 3901; x_wconf 92' lang='lat' dir='ltr'><strong>non</strong></span> <span class='ocrx_word' id='word_1_573' title='bbox 1297 3848 1410 3898; x_wconf 84' lang='lat' dir='ltr'><strong>difficile</strong></span> <span class='ocrx_word' id='word_1_574' title='bbox 1429 3853 1471 3899; x_wconf 89' lang='lat' dir='ltr'><strong>est</strong></span> <span class='ocrx_word' id='word_1_575' title='bbox 1489 3850 1630 3900; x_wconf 86' lang='lat' dir='ltr'><strong>coniicere.</strong></span> <span class='ocrx_word' id='word_1_576' title='bbox 1666 3849 1768 3900; x_wconf 84' lang='lat' dir='ltr'><strong>Scribit</strong></span> <span class='ocrx_word' id='word_1_577' title='bbox 1785 3867 1832 3901; x_wconf 90' lang='lat' dir='ltr'><strong>au-</strong></span> 
     </span>
     <span class='ocr_line' id='line_1_43' title="bbox 148 3922 1832 3993; baseline 0.004 -21"><span class='ocrx_word' id='word_1_578' title='bbox 148 3925 224 3988; x_wconf 87' lang='lat' dir='ltr'><strong>Lips.</strong></span> <span class='ocrx_word' id='word_1_579' title='bbox 243 3939 268 3976; x_wconf 90' lang='lat' dir='ltr'><strong>a.</strong></span> <span class='ocrx_word' id='word_1_580' title='bbox 289 3925 360 3974; x_wconf 78' lang='lat'><strong>1829.</strong></span> <span class='ocrx_word' id='word_1_581' title='bbox 379 3923 432 3974; x_wconf 88' lang='lat' dir='ltr'><strong>vol.</strong></span> <span class='ocrx_word' id='word_1_582' title='bbox 451 3927 476 3974; x_wconf 78' lang='lat'><strong>2.</strong></span> <span class='ocrx_word' id='word_1_583' title='bbox 494 3942 521 3990; x_wconf 87' lang='lat' dir='ltr'><strong>p.</strong></span> <span class='ocrx_word' id='word_1_584' title='bbox 541 3928 614 3978; x_wconf 86' lang='grc'>1631.</span> <span class='ocrx_word' id='word_1_585' title='bbox 654 3927 750 3993; x_wconf 86' lang='lat' dir='ltr'><strong>Neque</strong></span> <span class='ocrx_word' id='word_1_586' title='bbox 769 3928 841 3977; x_wconf 86' lang='lat' dir='ltr'><strong>enirn</strong></span> <span class='ocrx_word' id='word_1_587' title='bbox 859 3927 976 3979; x_wconf 85' lang='lat' dir='ltr'><strong>dubitari</strong></span> <span class='ocrx_word' id='word_1_588' title='bbox 1004 3934 1059 3979; x_wconf 87' lang='lat' dir='ltr'><strong>tem</strong></span> <span class='ocrx_word' id='word_1_589' title='bbox 1077 3927 1230 3978; x_wconf 84' lang='lat' dir='ltr'><strong>scholiasta</strong></span> <span class='ocrx_word' id='word_1_590' title='bbox 1245 3927 1300 3988; x_wconf 85' lang='lat' dir='ltr'><strong>ita,</strong></span> <span class='ocrx_word' id='word_1_591' title='bbox 1331 3922 1677 3987; x_wconf 76' lang='grc' dir='ltr'>ἐνασελγαινόμενοςε</span> <span class='ocrx_word' id='word_1_592' title='bbox 1708 3937 1832 3978; x_wconf 91' lang='grc' dir='ltr'>κατακω-</span> 
     </span>
     <span class='ocr_line' id='line_1_44' title="bbox 148 3997 1831 4070; baseline 0.001 -20"><span class='ocrx_word' id='word_1_593' title='bbox 148 4004 239 4065; x_wconf 83' lang='grc' dir='ltr'>ροιειι</span> <span class='ocrx_word' id='word_1_594' title='bbox 262 3999 328 4063; x_wconf 92' lang='lat' dir='ltr'><strong>quin</strong></span> <span class='ocrx_word' id='word_1_595' title='bbox 355 4001 491 4051; x_wconf 85' lang='lat' dir='ltr'><strong>recentior</strong></span> <span class='ocrx_word' id='word_1_596' title='bbox 518 4001 663 4053; x_wconf 80' lang='lat' dir='ltr'><strong>intulerit·</strong></span> <span class='ocrx_word' id='word_1_597' title='bbox 691 4003 898 4068; x_wconf 88' lang='lat' dir='ltr'><strong>grammaticus,</strong></span> <span class='ocrx_word' id='word_1_598' title='bbox 929 4007 976 4070; x_wconf 88' lang='lat' dir='ltr'><strong>qui</strong></span> <span class='ocrx_word' id='word_1_599' title='bbox 1003 4001 1196 4068; x_wconf 85' lang='grc' dir='ltr'>μιρδούμενος,</span> <span class='ocrx_word' id='word_1_600' title='bbox 1227 3999 1410 4065; x_wconf 86' lang='grc' dir='ltr'>ὑβριζόμενος.</span> <span class='ocrx_word' id='word_1_601' title='bbox 1451 4000 1518 4050; x_wconf 90' lang='grc' dir='ltr'>κατ’</span> <span class='ocrx_word' id='word_1_602' title='bbox 1539 3997 1627 4050; x_wconf 80' lang='grc' dir='ltr'>αὑτοῦ</span> <span class='ocrx_word' id='word_1_603' title='bbox 1655 3998 1831 4066; x_wconf 84' lang='grc' dir='ltr'>(Εὐριπίδου)</span> 
     </span>
     <span class='ocr_line' id='line_1_45' title="bbox 147 4072 1832 4144; baseline -0.001 -19"><span class='ocrx_word' id='word_1_604' title='bbox 147 4075 217 4126; x_wconf 90' lang='lat' dir='ltr'><strong>alius</strong></span> <span class='ocrx_word' id='word_1_605' title='bbox 230 4081 339 4140; x_wconf 85' lang='lat' dir='ltr'><strong>praeter</strong></span> <span class='ocrx_word' id='word_1_606' title='bbox 351 4075 560 4143; x_wconf 84' lang='lat' dir='ltr'><strong>Aristophanem</strong></span> <span class='ocrx_word' id='word_1_607' title='bbox 572 4093 671 4128; x_wconf 91' lang='lat' dir='ltr'><strong>nomen</strong></span> <span class='ocrx_word' id='word_1_608' title='bbox 683 4083 781 4144; x_wconf 87' lang='lat' dir='ltr'><strong>poetae</strong></span> <span class='ocrx_word' id='word_1_609' title='bbox 796 4078 974 4144; x_wconf 87' lang='lat' dir='ltr'><strong>desideraret,</strong></span> <span class='ocrx_word' id='word_1_610' title='bbox 1002 4078 1055 4144; x_wconf 88' lang='grc' dir='ltr'><strong>γάρ</strong></span> <span class='ocrx_word' id='word_1_611' title='bbox 1080 4080 1184 4140; x_wconf 79' lang='grc' dir='ltr'>καθῆκε</span> <span class='ocrx_word' id='word_1_612' title='bbox 1208 4076 1258 4139; x_wconf 87' lang='grc' dir='ltr'><strong>τάς</strong></span> <span class='ocrx_word' id='word_1_613' title='bbox 1277 4074 1565 4139; x_wconf 75' lang='grc' dir='ltr'>Θεσμοφοριαζούσας.</span> <span class='ocrx_word' id='word_1_614' title='bbox 1600 4076 1688 4140; x_wconf 88' lang='grc' dir='ltr'>φησίν</span> <span class='ocrx_word' id='word_1_615' title='bbox 1706 4074 1770 4140; x_wconf 88' lang='grc' dir='ltr'>ούν,</span> <span class='ocrx_word' id='word_1_616' title='bbox 1798 4072 1832 4126; x_wconf 88' lang='grc' dir='ltr'><strong>ού</strong></span> 
     </span>
     <span class='ocr_line' id='line_1_46' title="bbox 148 4148 1831 4219; baseline 0.002 -19"><span class='ocrx_word' id='word_1_617' title='bbox 148 4152 273 4202; x_wconf 88' lang='lat' dir='ltr'><strong>nesciens</strong></span> <span class='ocrx_word' id='word_1_618' title='bbox 295 4166 377 4202; x_wconf 86' lang='lat' dir='ltr'><strong>unum</strong></span> <span class='ocrx_word' id='word_1_619' title='bbox 398 4152 537 4204; x_wconf 88' lang='lat' dir='ltr'><strong>interdum</strong></span> <span class='ocrx_word' id='word_1_620' title='bbox 555 4158 664 4219; x_wconf 86' lang='lat' dir='ltr'><strong>poetam</strong></span> <span class='ocrx_word' id='word_1_621' title='bbox 689 4155 795 4206; x_wconf 89' lang='lat' dir='ltr'><strong>duabus</strong></span> <span class='ocrx_word' id='word_1_622' title='bbox 815 4157 914 4208; x_wconf 85' lang='lat' dir='ltr'><strong>vicisse</strong></span> <span class='ocrx_word' id='word_1_623' title='bbox 935 4159 975 4208; x_wconf 83' lang='lat' dir='ltr'><strong>ia·</strong></span> <span class='ocrx_word' id='word_1_624' title='bbox 1002 4153 1137 4218; x_wconf 90' lang='grc' dir='ltr'>δεύτερον</span> <span class='ocrx_word' id='word_1_625' title='bbox 1155 4151 1358 4217; x_wconf 84' lang='grc' dir='ltr'>ταυτολογήσω</span> <span class='ocrx_word' id='word_1_626' title='bbox 1378 4153 1441 4215; x_wconf 87' lang='grc' dir='ltr'>περὶ</span> <span class='ocrx_word' id='word_1_627' title='bbox 1459 4151 1557 4214; x_wconf 81' lang='grc' dir='ltr'>αὑτοῦ,</span> <span class='ocrx_word' id='word_1_628' title='bbox 1576 4149 1615 4212; x_wconf 85' lang='grc' dir='ltr'><strong>ως</strong></span> <span class='ocrx_word' id='word_1_629' title='bbox 1633 4148 1660 4201; x_wconf 89' lang='lat' dir='ltr'><strong>ol</strong></span> <span class='ocrx_word' id='word_1_630' title='bbox 1678 4148 1763 4203; x_wconf 79' lang='grc' dir='ltr'>ἄλλοι.</span> <span class='ocrx_word' id='word_1_631' title='bbox 1798 4151 1831 4203; x_wconf 86' lang='grc' dir='ltr'><strong>ού</strong></span> 
     </span>
     <span class='ocr_line' id='line_1_47' title="bbox 147 4226 1832 4298; baseline 0.001 -20"><span class='ocrx_word' id='word_1_632' title='bbox 147 4227 233 4290; x_wconf 89' lang='lat' dir='ltr'><strong>bulis,</strong></span> <span class='ocrx_word' id='word_1_633' title='bbox 256 4230 287 4276; x_wconf 87' lang='lat' dir='ltr'><strong>ut</strong></span> <span class='ocrx_word' id='word_1_634' title='bbox 308 4228 433 4278; x_wconf 85' lang='lat' dir='ltr'><strong>novimus</strong></span> <span class='ocrx_word' id='word_1_635' title='bbox 456 4245 489 4278; x_wconf 86' lang='lat' dir='ltr'><strong>ex</strong></span> <span class='ocrx_word' id='word_1_636' title='bbox 507 4233 679 4280; x_wconf 88' lang='lat' dir='ltr'><strong>monumento</strong></span> <span class='ocrx_word' id='word_1_637' title='bbox 698 4230 880 4295; x_wconf 86' lang='lat' dir='ltr'><strong>didascalico,</strong></span> <span class='ocrx_word' id='word_1_638' title='bbox 905 4235 975 4298; x_wconf 88' lang='lat' dir='ltr'><strong>quod</strong></span> <span class='ocrx_word' id='word_1_639' title='bbox 1004 4230 1091 4293; x_wconf 93' lang='grc' dir='ltr'>μόνον</span> <span class='ocrx_word' id='word_1_640' title='bbox 1114 4229 1144 4281; x_wconf 88' lang='grc' dir='ltr'>δέ</span> <span class='ocrx_word' id='word_1_641' title='bbox 1167 4227 1310 4294; x_wconf 87' lang='grc' dir='ltr'>ἐντούτῳ</span> <span class='ocrx_word' id='word_1_642' title='bbox 1334 4232 1376 4295; x_wconf 77' lang='grc' dir='ltr'>τῷ</span> <span class='ocrx_word' id='word_1_643' title='bbox 1395 4227 1512 4292; x_wconf 91' lang='grc' dir='ltr'>δράματι</span> <span class='ocrx_word' id='word_1_644' title='bbox 1530 4226 1655 4290; x_wconf 80' lang='grc' dir='ltr'>είσηκται</span> <span class='ocrx_word' id='word_1_645' title='bbox 1673 4227 1765 4290; x_wconf 83' lang='grc' dir='ltr'>οὕτως</span> <span class='ocrx_word' id='word_1_646' title='bbox 1784 4227 1832 4280; x_wconf 88' lang='grc' dir='ltr'><strong>Εὑ-</strong></span> 
     </span>
     <span class='ocr_line' id='line_1_48' title="bbox 148 4302 1833 4374; baseline 0.003 -23"><span class='ocrx_word' id='word_1_647' title='bbox 148 4302 303 4354; x_wconf 88' lang='lat' dir='ltr'><strong>Boeolrhius</strong></span> <span class='ocrx_word' id='word_1_648' title='bbox 323 4304 412 4354; x_wconf 88' lang='lat' dir='ltr'><strong>edidit</strong></span> <span class='ocrx_word' id='word_1_649' title='bbox 428 4306 457 4354; x_wconf 90' lang='lat' dir='ltr'><strong>in</strong></span> <span class='ocrx_word' id='word_1_650' title='bbox 472 4303 775 4371; x_wconf 85' lang='lat' dir='ltr'><strong>Corp.1ueoriptionum</strong></span> <span class='ocrx_word' id='word_1_651' title='bbox 785 4308 838 4358; x_wconf 91' lang='lat' dir='ltr'><strong>vol.</strong></span> <span class='ocrx_word' id='word_1_652' title='bbox 850 4310 872 4358; x_wconf 90' lang='lat'><strong>1.</strong></span> <span class='ocrx_word' id='word_1_653' title='bbox 882 4325 908 4374; x_wconf 91' lang='lat' dir='ltr'><strong>p.</strong></span> <span class='ocrx_word' id='word_1_654' title='bbox 919 4311 975 4362; x_wconf 78' lang='lat'>353.</span> <span class='ocrx_word' id='word_1_655' title='bbox 1004 4305 1121 4372; x_wconf 88' lang='grc' dir='ltr'>ριπίδης,</span> <span class='ocrx_word' id='word_1_656' title='bbox 1141 4304 1211 4357; x_wconf 84' lang='grc' dir='ltr'>ἀλλὰ</span> <span class='ocrx_word' id='word_1_657' title='bbox 1230 4306 1275 4356; x_wconf 84' lang='grc' dir='ltr'><strong>καί</strong></span> <span class='ocrx_word' id='word_1_658' title='bbox 1293 4304 1324 4356; x_wconf 86' lang='grc' dir='ltr'>ἐν</span> <span class='ocrx_word' id='word_1_659' title='bbox 1342 4309 1384 4371; x_wconf 81' lang='grc' dir='ltr'>τῷ</span> <span class='ocrx_word' id='word_1_660' title='bbox 1397 4302 1548 4369; x_wconf 84' lang='grc' dir='ltr'>Προαγῶνι</span> <span class='ocrx_word' id='word_1_661' title='bbox 1561 4305 1604 4355; x_wconf 89' lang='grc' dir='ltr'><strong>καί</strong></span> <span class='ocrx_word' id='word_1_662' title='bbox 1623 4303 1725 4366; x_wconf 76' lang='grc' dir='ltr'>ἐντοῖς</span> <span class='ocrx_word' id='word_1_663' title='bbox 1738 4305 1833 4368; x_wconf 77' lang='grc' dir='ltr'>Ἀχαρ-</span> 
     </span>
     <span class='ocr_line' id='line_1_49' title="bbox 149 4374 1832 4447; baseline 0.002 -20"><span class='ocrx_word' id='word_1_664' title='bbox 149 4377 208 4428; x_wconf 85' lang='grc' dir='ltr'><strong>Ἔπί</strong></span> <span class='ocrx_word' id='word_1_665' title='bbox 226 4375 362 4442; x_wconf 89' lang='grc' dir='ltr'>Διοτίμου</span> <span class='ocrx_word' id='word_1_666' title='bbox 385 4378 495 4446; x_wconf 82' lang='lat' dir='ltr'><strong>(olymp.</strong></span> <span class='ocrx_word' id='word_1_667' title='bbox 516 4383 571 4444; x_wconf 89' lang='lat'><strong>106,</strong></span> <span class='ocrx_word' id='word_1_668' title='bbox 591 4382 626 4446; x_wconf 85' lang='lat'><strong>3.)</strong></span> <span class='ocrx_word' id='word_1_669' title='bbox 650 4374 767 4443; x_wconf 89' lang='grc' dir='ltr'>Σιμύλος</span> <span class='ocrx_word' id='word_1_670' title='bbox 786 4385 899 4447; x_wconf 86' lang='grc' dir='ltr'>πρῶτος</span> <span class='ocrx_word' id='word_1_671' title='bbox 1004 4385 1090 4435; x_wconf 88' lang='grc' dir='ltr'>νεύσι.</span> <span class='ocrx_word' id='word_1_672' title='bbox 1124 4383 1249 4447; x_wconf 81' lang='lat' dir='ltr'><strong>Apparet</strong></span> <span class='ocrx_word' id='word_1_673' title='bbox 1266 4381 1338 4431; x_wconf 88' lang='lat' dir='ltr'><strong>hune</strong></span> <span class='ocrx_word' id='word_1_674' title='bbox 1357 4381 1561 4446; x_wconf 88' lang='lat' dir='ltr'><strong>grammaticum</strong></span> <span class='ocrx_word' id='word_1_675' title='bbox 1581 4380 1647 4444; x_wconf 84' lang='lat' dir='ltr'><strong>quid</strong></span> <span class='ocrx_word' id='word_1_676' title='bbox 1666 4387 1761 4431; x_wconf 89' lang='lat' dir='ltr'><strong>contra</strong></span> <span class='ocrx_word' id='word_1_677' title='bbox 1780 4381 1832 4430; x_wconf 85' lang='lat' dir='ltr'><strong>Eu-</strong></span> 
     </span>
    </p>

    <p class='ocr_par' dir='ltr' id='par_1_8' title="bbox 1004 4457 1833 4525">
     <span class='ocr_line' id='line_1_50' title="bbox 1004 4457 1833 4525; baseline -0.005 -15"><span class='ocrx_word' id='word_1_678' title='bbox 1004 4459 1119 4525; x_wconf 91' lang='lat' dir='ltr'><strong>ripidem</strong></span> <span class='ocrx_word' id='word_1_679' title='bbox 1138 4458 1280 4523; x_wconf 88' lang='lat' dir='ltr'><strong>scripserit</strong></span> <span class='ocrx_word' id='word_1_680' title='bbox 1298 4457 1494 4523; x_wconf 84' lang='lat' dir='ltr'><strong>Aristophanes</strong></span> <span class='ocrx_word' id='word_1_681' title='bbox 1512 4457 1654 4522; x_wconf 86' lang='lat' dir='ltr'><strong>aliquanto</strong></span> <span class='ocrx_word' id='word_1_682' title='bbox 1671 4457 1770 4508; x_wconf 89' lang='lat' dir='ltr'><strong>melius</strong></span> <span class='ocrx_word' id='word_1_683' title='bbox 1789 4472 1833 4506; x_wconf 90' lang='lat' dir='ltr'><strong>co-</strong></span> 
     </span>
    </p>
   </div>
   <div class='ocr_carea' id='block_1_6' title="bbox 147 4534 1833 4750">
    <p class='ocr_par' dir='ltr' id='par_1_9' title="bbox 147 4534 1833 4750">
     <span class='ocr_line' id='line_1_51' title="bbox 181 4534 1833 4673; baseline 0.004 -41"><span class='ocrx_word' id='word_1_684' title='bbox 181 4589 191 4616; x_wconf 80' lang='lat'>⁸</span> <span class='ocrx_word' id='word_1_685' title='bbox 204 4583 336 4664; x_wconf 61' lang='lat' dir='ltr'><strong>§imiliter</strong></span> <span class='ocrx_word' id='word_1_686' title='bbox 346 4583 478 4636; x_wconf 86' lang='lat' dir='ltr'><strong>inAvium</strong></span> <span class='ocrx_word' id='word_1_687' title='bbox 491 4585 642 4637; x_wconf 83' lang='lat' dir='ltr'><strong>didascalia</strong></span> <span class='ocrx_word' id='word_1_688' title='bbox 655 4587 725 4653; x_wconf 91' lang='lat' dir='ltr'><strong>quod</strong></span> <span class='ocrx_word' id='word_1_689' title='bbox 738 4589 875 4652; x_wconf 89' lang='lat' dir='ltr'><strong>antiquior</strong></span> <span class='ocrx_word' id='word_1_690' title='bbox 889 4603 976 4652; x_wconf 84' lang='lat' dir='ltr'><strong>gram·</strong></span> <span class='ocrx_word' id='word_1_691' title='bbox 1004 4534 1360 4673; x_wconf 47' lang='lat' dir='ltr'><strong>ffiffihffiszziguffl</strong></span> <span class='ocrx_word' id='word_1_692' title='bbox 1372 4534 1833 4673; x_wconf 49' lang='grc' dir='ltr'><strong>ἓὲίέζὲεὲᾙίἶὲἓὲἰὲρᾷηάὲἒ,</strong></span> 
     </span>
     <span class='ocr_line' id='line_1_52' title="bbox 147 4652 1833 4750; baseline -0.001 -15"><span class='ocrx_word' id='word_1_693' title='bbox 147 4655 266 4701; x_wconf 58' lang='lat' dir='ltr'><strong>mmm</strong></span> <span class='ocrx_word' id='word_1_694' title='bbox 284 4653 445 4717; x_wconf 47' lang='grc' dir='ltr'>κώνων</span> <span class='ocrx_word' id='word_1_695' title='bbox 468 4652 595 4719; x_wconf 60' lang='grc' dir='ltr'>ἐδιδάχθη</span> <span class='ocrx_word' id='word_1_696' title='bbox 618 4653 664 4706; x_wconf 55' lang='grc' dir='ltr'><strong>ἐπὶ</strong></span> <span class='ocrx_word' id='word_1_697' title='bbox 682 4653 800 4718; x_wconf 62' lang='grc' dir='ltr'>χαβννον</span> <span class='ocrx_word' id='word_1_698' title='bbox 818 4655 862 4706; x_wconf 59' lang='grc' dir='ltr'><strong>διὰ</strong></span> <span class='ocrx_word' id='word_1_699' title='bbox 881 4653 975 4707; x_wconf 52' lang='lat' dir='ltr'><strong>xum</strong></span> <span class='ocrx_word' id='word_1_700' title='bbox 1002 4687 1043 4750; x_wconf 87' lang='lat' dir='ltr'><strong>pis</strong></span> <span class='ocrx_word' id='word_1_701' title='bbox 1053 4686 1161 4750; x_wconf 89' lang='lat' dir='ltr'><strong>respici,</strong></span> <span class='ocrx_word' id='word_1_702' title='bbox 1172 4699 1241 4749; x_wconf 90' lang='lat' dir='ltr'><strong>quae</strong></span> <span class='ocrx_word' id='word_1_703' title='bbox 1253 4683 1349 4734; x_wconf 84' lang='lat' dir='ltr'><strong>fabula</strong></span> <span class='ocrx_word' id='word_1_704' title='bbox 1358 4683 1499 4734; x_wconf 89' lang='lat' dir='ltr'><strong>duodecim</strong></span> <span class='ocrx_word' id='word_1_705' title='bbox 1509 4689 1574 4735; x_wconf 86' lang='lat' dir='ltr'><strong>aute</strong></span> <span class='ocrx_word' id='word_1_706' title='bbox 1584 4684 1660 4734; x_wconf 86' lang='lat' dir='ltr'><strong>illam</strong></span> <span class='ocrx_word' id='word_1_707' title='bbox 1669 4687 1749 4736; x_wconf 90' lang='lat' dir='ltr'><strong>annis</strong></span> <span class='ocrx_word' id='word_1_708' title='bbox 1758 4687 1833 4736; x_wconf 85' lang='lat' dir='ltr'><strong>edita</strong></span> 
     </span>
    </p>
   </div>
   <div class='ocr_carea' id='block_1_7' title="bbox 144 4717 1833 5206">
    <p class='ocr_par' dir='ltr' id='par_1_10' title="bbox 144 4717 1833 5010">
     <span class='ocr_line' id='line_1_53' title="bbox 144 4717 1833 4855; baseline 0.004 -49"><span class='ocrx_word' id='word_1_709' title='bbox 144 4717 324 4849; x_wconf 37' lang='lat' dir='ltr'><strong>§333ssss</strong></span> <span class='ocrx_word' id='word_1_710' title='bbox 347 4719 451 4853; x_wconf 46' lang='lat' dir='ltr'><strong>63th</strong></span> <span class='ocrx_word' id='word_1_711' title='bbox 469 4721 607 4854; x_wconf 43' lang='lat' dir='ltr'><strong>{235th</strong></span> <span class='ocrx_word' id='word_1_712' title='bbox 623 4721 816 4855; x_wconf 45' lang='grc' dir='ltr'>Ὴονοξξῗὲὧν</span> <span class='ocrx_word' id='word_1_713' title='bbox 835 4722 977 4843; x_wconf 45' lang='grc' dir='ltr'><strong>’ὲνέἓζινῖἑὲξ</strong></span> <span class='ocrx_word' id='word_1_714' title='bbox 1003 4767 1053 4813; x_wconf 91' lang='lat' dir='ltr'><strong>est.</strong></span> <span class='ocrx_word' id='word_1_715' title='bbox 1088 4761 1198 4812; x_wconf 84' lang='lat' dir='ltr'><strong>Similes</strong></span> <span class='ocrx_word' id='word_1_716' title='bbox 1222 4763 1285 4810; x_wconf 88' lang='lat' dir='ltr'><strong>sunt</strong></span> <span class='ocrx_word' id='word_1_717' title='bbox 1308 4759 1518 4809; x_wconf 87' lang='lat' dir='ltr'><strong>scholiastarurn</strong></span> <span class='ocrx_word' id='word_1_718' title='bbox 1541 4775 1647 4811; x_wconf 87' lang='lat' dir='ltr'><strong>errores</strong></span> <span class='ocrx_word' id='word_1_719' title='bbox 1669 4761 1702 4811; x_wconf 89' lang='lat' dir='ltr'><strong>de</strong></span> <span class='ocrx_word' id='word_1_720' title='bbox 1725 4761 1833 4812; x_wconf 82' lang='lat' dir='ltr'><strong>Cratini</strong></span> 
     </span>
     <span class='ocr_line' id='line_1_54' title="bbox 148 4827 1832 4924; baseline 0.005 -18"><span class='ocrx_word' id='word_1_721' title='bbox 148 4857 189 4906; x_wconf 86' lang='lat' dir='ltr'><strong>sic</strong></span> <span class='ocrx_word' id='word_1_722' title='bbox 207 4827 386 4920; x_wconf 86' lang='lat' dir='ltr'><strong>interpolavit</strong></span> <span class='ocrx_word' id='word_1_723' title='bbox 403 4863 434 4907; x_wconf 89' lang='lat' dir='ltr'><strong>nt</strong></span> <span class='ocrx_word' id='word_1_724' title='bbox 452 4872 523 4908; x_wconf 89' lang='lat' dir='ltr'><strong>nunc</strong></span> <span class='ocrx_word' id='word_1_725' title='bbox 541 4859 569 4906; x_wconf 91' lang='lat' dir='ltr'><strong>in</strong></span> <span class='ocrx_word' id='word_1_726' title='bbox 588 4859 727 4909; x_wconf 88' lang='lat' dir='ltr'><strong>codicibus</strong></span> <span class='ocrx_word' id='word_1_727' title='bbox 751 4830 861 4924; x_wconf 64' lang='lat' dir='ltr'><strong>leg&#39;ilur.</strong></span> <span class='ocrx_word' id='word_1_728' title='bbox 895 4859 976 4910; x_wconf 92' lang='grc' dir='ltr'>-ἐν</span> <span class='ocrx_word' id='word_1_729' title='bbox 1002 4833 1112 4903; x_wconf 64' lang='grc' dir='ltr'>Πυτίνῃ</span> <span class='ocrx_word' id='word_1_730' title='bbox 1131 4836 1168 4886; x_wconf 61' lang='grc' dir='ltr'><strong>νᾶ</strong></span> <span class='ocrx_word' id='word_1_731' title='bbox 1185 4837 1278 4901; x_wconf 61' lang='lat' dir='ltr'><strong>EqUit·</strong></span> <span class='ocrx_word' id='word_1_732' title='bbox 1301 4836 1373 4898; x_wconf 53' lang='lat'><strong>5²3⁴</strong></span> <span class='ocrx_word' id='word_1_733' title='bbox 1397 4835 1431 4885; x_wconf 56' lang='grc' dir='ltr'><strong>ἂν</strong></span> <span class='ocrx_word' id='word_1_734' title='bbox 1449 4851 1542 4902; x_wconf 58' lang='lat' dir='ltr'><strong>pum</strong></span> <span class='ocrx_word' id='word_1_735' title='bbox 1560 4836 1595 4885; x_wconf 50' lang='grc' dir='ltr'><strong>δν</strong></span> <span class='ocrx_word' id='word_1_736' title='bbox 1612 4838 1778 4914; x_wconf 63' lang='lat' dir='ltr'><strong>A¹gi¹¹¹¹⁸l⁸⁵</strong></span> <span class='ocrx_word' id='word_1_737' title='bbox 1796 4837 1832 4888; x_wconf 60' lang='lat' dir='ltr'><strong>ad</strong></span> 
     </span>
     <span class='ocr_line' id='line_1_55' title="bbox 148 4915 1429 5010; baseline 0.007 -38"><span class='ocrx_word' id='word_1_738' title='bbox 148 4920 235 4987; x_wconf 89' lang='grc' dir='ltr'>άστει,</span> <span class='ocrx_word' id='word_1_739' title='bbox 254 4921 285 4984; x_wconf 91' lang='grc' dir='ltr'><strong>δς</strong></span> <span class='ocrx_word' id='word_1_740' title='bbox 298 4924 332 4988; x_wconf 78' lang='grc' dir='ltr'>ῆν</span> <span class='ocrx_word' id='word_1_741' title='bbox 345 4923 476 4988; x_wconf 91' lang='grc' dir='ltr'>δεύτερος</span> <span class='ocrx_word' id='word_1_742' title='bbox 487 4927 546 4986; x_wconf 76' lang='grc' dir='ltr'>τοῖς</span> <span class='ocrx_word' id='word_1_743' title='bbox 558 4924 675 4990; x_wconf 88' lang='grc' dir='ltr'>Ὄρνισι.</span> <span class='ocrx_word' id='word_1_744' title='bbox 702 4929 815 4991; x_wconf 85' lang='grc' dir='ltr'>πρῶτος</span> <span class='ocrx_word' id='word_1_745' title='bbox 828 4932 892 4988; x_wconf 79' lang='lat' dir='ltr'><strong>cet..</strong></span> <span class='ocrx_word' id='word_1_746' title='bbox 906 4943 975 5010; x_wconf 76' lang='lat' dir='ltr'><strong>qnae</strong></span> <span class='ocrx_word' id='word_1_747' title='bbox 1003 4915 1072 4964; x_wconf 70' lang='lat' dir='ltr'>Nflb·</span> <span class='ocrx_word' id='word_1_748' title='bbox 1090 4915 1113 4962; x_wconf 78' lang='lat'><strong>⁶·</strong></span> <span class='ocrx_word' id='word_1_749' title='bbox 1294 4989 1301 5000; x_wconf 39' lang='grc' dir='ltr'>Ι</span> <span class='ocrx_word' id='word_1_750' title='bbox 1395 4987 1429 5001; x_wconf 48' lang='grc' dir='ltr'>Η</span> 
     </span>
    </p>

    <p class='ocr_par' dir='ltr' id='par_1_11' title="bbox 147 4987 1831 5206">
     <span class='ocr_line' id='line_1_56' title="bbox 147 4987 1830 5080; baseline 0.007 -41"><span class='ocrx_word' id='word_1_751' title='bbox 147 4991 305 5042; x_wconf 87' lang='lat' dir='ltr'><strong>Hermanno</strong></span> <span class='ocrx_word' id='word_1_752' title='bbox 324 5008 430 5074; x_wconf 89' lang='lat' dir='ltr'><strong>qnoque</strong></span> <span class='ocrx_word' id='word_1_753' title='bbox 449 4998 579 5074; x_wconf 71' lang='lat' dir='ltr'><strong>suspecta</strong></span> <span class='ocrx_word' id='word_1_754' title='bbox 598 4995 709 5044; x_wconf 83' lang='lat' dir='ltr'><strong>fuerunt</strong></span> <span class='ocrx_word' id='word_1_755' title='bbox 726 4995 743 5044; x_wconf 97' lang='lat' dir='ltr'><strong>l</strong></span> <span class='ocrx_word' id='word_1_756' title='bbox 757 5010 779 5044; x_wconf 91' lang='grc' dir='ltr'><strong>ο.</strong></span> <span class='ocrx_word' id='word_1_757' title='bbox 799 5012 824 5059; x_wconf 92' lang='lat' dir='ltr'><strong>p.</strong></span> <span class='ocrx_word' id='word_1_758' title='bbox 836 4999 909 5075; x_wconf 70' lang='lat' dir='ltr'><strong>ibit).</strong></span> <span class='ocrx_word' id='word_1_759' title='bbox 930 5012 976 5077; x_wconf 89' lang='lat' dir='ltr'><strong>qur</strong></span> <span class='ocrx_word' id='word_1_760' title='bbox 1034 4990 1139 5078; x_wconf 60' lang='lat' dir='ltr'><strong>idomeu</strong></span> <span class='ocrx_word' id='word_1_761' title='bbox 1161 4988 1274 5038; x_wconf 80' lang='lat' dir='ltr'><strong>fabulae</strong></span> <span class='ocrx_word' id='word_1_762' title='bbox 1292 5003 1325 5076; x_wconf 75' lang='lat' dir='ltr'><strong>ru</strong></span> <span class='ocrx_word' id='word_1_763' title='bbox 1341 4987 1660 5080; x_wconf 26' lang='lat' dir='ltr'><strong>qodrcrbnslplerutnqnc</strong></span> <span class='ocrx_word' id='word_1_764' title='bbox 1679 4987 1830 5053; x_wconf 69' lang='lat' dir='ltr'><strong>llpostdut,</strong></span> 
     </span>
     <span class='ocr_line' id='line_1_57' title="bbox 147 5056 1831 5129; baseline 0.004 -21"><span class='ocrx_word' id='word_1_765' title='bbox 147 5056 235 5119; x_wconf 84' lang='grc' dir='ltr'>αὑτός</span> <span class='ocrx_word' id='word_1_766' title='bbox 246 5059 282 5122; x_wconf 82' lang='grc' dir='ltr'>ἦν</span> <span class='ocrx_word' id='word_1_767' title='bbox 293 5059 424 5124; x_wconf 84' lang='grc' dir='ltr'>δεύτερος</span> <span class='ocrx_word' id='word_1_768' title='bbox 443 5061 525 5110; x_wconf 86' lang='lat' dir='ltr'><strong>scnbr</strong></span> <span class='ocrx_word' id='word_1_769' title='bbox 537 5061 657 5114; x_wconf 83' lang='lat' dir='ltr'><strong>volebat.</strong></span> <span class='ocrx_word' id='word_1_770' title='bbox 688 5063 836 5127; x_wconf 82' lang='lat' dir='ltr'><strong>Aliquanto</strong></span> <span class='ocrx_word' id='word_1_771' title='bbox 848 5063 976 5114; x_wconf 90' lang='lat' dir='ltr'><strong>lrcentrns</strong></span> <span class='ocrx_word' id='word_1_772' title='bbox 1002 5081 1090 5117; x_wconf 80' lang='lat' dir='ltr'><strong>rarius</strong></span> <span class='ocrx_word' id='word_1_773' title='bbox 1107 5063 1249 5129; x_wconf 91' lang='grc' dir='ltr'>Προάγων</span> <span class='ocrx_word' id='word_1_774' title='bbox 1272 5063 1414 5114; x_wconf 78' lang='lat' dir='ltr'><strong>scribitur:</strong></span> <span class='ocrx_word' id='word_1_775' title='bbox 1446 5063 1478 5113; x_wconf 86' lang='lat' dir='ltr'><strong>de</strong></span> <span class='ocrx_word' id='word_1_776' title='bbox 1497 5079 1551 5128; x_wconf 90' lang='lat' dir='ltr'><strong>quo</strong></span> <span class='ocrx_word' id='word_1_777' title='bbox 1570 5065 1626 5114; x_wconf 84' lang='lat' dir='ltr'><strong>drxr</strong></span> <span class='ocrx_word' id='word_1_778' title='bbox 1643 5081 1673 5115; x_wconf 90' lang='grc' dir='ltr'><strong>ιιι</strong></span> <span class='ocrx_word' id='word_1_779' title='bbox 1690 5065 1831 5116; x_wconf 83' lang='lat' dir='ltr'><strong>Thesauro</strong></span> 
     </span>
     <span class='ocr_line' id='line_1_58' title="bbox 148 5127 1239 5206; baseline 0.008 -31"><span class='ocrx_word' id='word_1_780' title='bbox 148 5127 177 5176; x_wconf 92' lang='lat' dir='ltr'><strong>in</strong></span> <span class='ocrx_word' id='word_1_781' title='bbox 195 5127 334 5178; x_wconf 85' lang='lat' dir='ltr'><strong>Rauarum</strong></span> <span class='ocrx_word' id='word_1_782' title='bbox 358 5129 510 5179; x_wconf 87' lang='lat' dir='ltr'><strong>didascalia</strong></span> <span class='ocrx_word' id='word_1_783' title='bbox 533 5129 635 5192; x_wconf 88' lang='lat' dir='ltr'><strong>legitur</strong></span> <span class='ocrx_word' id='word_1_784' title='bbox 656 5131 684 5180; x_wconf 91' lang='lat' dir='ltr'><strong>in</strong></span> <span class='ocrx_word' id='word_1_785' title='bbox 703 5131 744 5182; x_wconf 87' lang='lat' dir='ltr'><strong>ed.</strong></span> <span class='ocrx_word' id='word_1_786' title='bbox 764 5130 864 5181; x_wconf 85' lang='lat' dir='ltr'><strong>Aldina</strong></span> <span class='ocrx_word' id='word_1_787' title='bbox 883 5147 916 5181; x_wconf 84' lang='lat' dir='ltr'><strong>ex</strong></span> <span class='ocrx_word' id='word_1_788' title='bbox 935 5148 975 5182; x_wconf 88' lang='lat' dir='ltr'><strong>re·</strong></span> <span class='ocrx_word' id='word_1_789' title='bbox 1001 5141 1056 5193; x_wconf 59' lang='lat' dir='ltr'><strong>vol,</strong></span> <span class='ocrx_word' id='word_1_790' title='bbox 1075 5143 1100 5194; x_wconf 76' lang='grc'><strong>6,</strong></span> <span class='ocrx_word' id='word_1_791' title='bbox 1119 5159 1144 5206; x_wconf 83' lang='lat' dir='ltr'><strong>p,</strong></span> <span class='ocrx_word' id='word_1_792' title='bbox 1166 5142 1239 5191; x_wconf 80' lang='lat'><strong>1619.</strong></span> 
     </span>
    </p>
   </div>
   <div class='ocr_carea' id='block_1_8' title="bbox 150 5194 1831 5360">
    <p class='ocr_par' dir='ltr' id='par_1_12' title="bbox 150 5194 1831 5360">
     <span class='ocr_line' id='line_1_59' title="bbox 150 5194 1830 5283; baseline 0.004 -24"><span class='ocrx_word' id='word_1_793' title='bbox 150 5195 222 5280; x_wconf 55' lang='lat'>‚⁰⁰⁰5</span> <span class='ocrx_word' id='word_1_794' title='bbox 245 5195 337 5260; x_wconf 86' lang='lat' dir='ltr'><strong>aliquo</strong></span> <span class='ocrx_word' id='word_1_795' title='bbox 358 5197 464 5260; x_wconf 67' lang='lat' dir='ltr'><strong>0⁰di⁰0r</strong></span> <span class='ocrx_word' id='word_1_796' title='bbox 487 5194 615 5260; x_wconf 65' lang='grc' dir='ltr'>ὲδῑδάλθη</span> <span class='ocrx_word' id='word_1_797' title='bbox 634 5194 680 5248; x_wconf 75' lang='lat' dir='ltr'><strong>ern</strong></span> <span class='ocrx_word' id='word_1_798' title='bbox 699 5195 818 5250; x_wconf 65' lang='grc' dir='ltr'>Καλλίου</span> <span class='ocrx_word' id='word_1_799' title='bbox 835 5200 887 5249; x_wconf 72' lang='grc' dir='ltr'><strong>Τθῦ</strong></span> <span class='ocrx_word' id='word_1_800' title='bbox 907 5199 976 5260; x_wconf 67' lang='grc' dir='ltr'>μετὰ</span> <span class='ocrx_word' id='word_1_801' title='bbox 1035 5215 1082 5274; x_wconf 76' lang='grc'><strong>74,</strong></span> <span class='ocrx_word' id='word_1_802' title='bbox 1113 5216 1238 5268; x_wconf 82' lang='lat' dir='ltr'><strong>Colorem</strong></span> <span class='ocrx_word' id='word_1_803' title='bbox 1255 5215 1393 5282; x_wconf 88' lang='lat' dir='ltr'><strong>tragicum</strong></span> <span class='ocrx_word' id='word_1_804' title='bbox 1410 5217 1493 5266; x_wconf 84' lang='lat' dir='ltr'><strong>habet</strong></span> <span class='ocrx_word' id='word_1_805' title='bbox 1511 5217 1696 5283; x_wconf 82' lang='lat' dir='ltr'><strong>fragmentum</strong></span> <span class='ocrx_word' id='word_1_806' title='bbox 1714 5216 1749 5266; x_wconf 90' lang='lat' dir='ltr'><strong>ab</strong></span> <span class='ocrx_word' id='word_1_807' title='bbox 1761 5216 1830 5266; x_wconf 89' lang='lat' dir='ltr'><strong>Pho·</strong></span> 
     </span>
     <span class='ocr_line' id='line_1_60' title="bbox 158 5261 1831 5360; baseline 0.003 -20"><span class='ocrx_word' id='word_1_808' title='bbox 158 5261 294 5325; x_wconf 63' lang='grc' dir='ltr'>ΑνΉΤένη</span> <span class='ocrx_word' id='word_1_809' title='bbox 306 5261 351 5314; x_wconf 56' lang='grc' dir='ltr'><strong>ἐπὶ</strong></span> <span class='ocrx_word' id='word_1_810' title='bbox 363 5262 486 5330; x_wconf 52' lang='lat' dir='ltr'><strong>Amul·</strong></span> <span class='ocrx_word' id='word_1_811' title='bbox 513 5261 670 5328; x_wconf 61' lang='grc' dir='ltr'>Φιλωνίδης</span> <span class='ocrx_word' id='word_1_812' title='bbox 683 5262 828 5330; x_wconf 64' lang='grc' dir='ltr'>ἐνεγράφη</span> <span class='ocrx_word' id='word_1_813' title='bbox 841 5267 886 5318; x_wconf 58' lang='grc' dir='ltr'><strong>καί</strong></span> <span class='ocrx_word' id='word_1_814' title='bbox 899 5265 976 5318; x_wconf 60' lang='grc' dir='ltr'>ἐνίκα</span> <span class='ocrx_word' id='word_1_815' title='bbox 1001 5296 1041 5344; x_wconf 84' lang='grc' dir='ltr'><strong>ιίο</strong></span> <span class='ocrx_word' id='word_1_816' title='bbox 1059 5301 1197 5345; x_wconf 87' lang='lat' dir='ltr'><strong>servatum</strong></span> <span class='ocrx_word' id='word_1_817' title='bbox 1211 5311 1236 5360; x_wconf 91' lang='lat' dir='ltr'><strong>p.</strong></span> <span class='ocrx_word' id='word_1_818' title='bbox 1246 5295 1303 5353; x_wconf 74' lang='grc'>613,</span> <span class='ocrx_word' id='word_1_819' title='bbox 1316 5296 1338 5343; x_wconf 92' lang='grc'><strong>1.</strong></span> <span class='ocrx_word' id='word_1_820' title='bbox 1358 5297 1386 5343; x_wconf 87' lang='lat' dir='ltr'><strong>et</strong></span> <span class='ocrx_word' id='word_1_821' title='bbox 1400 5293 1484 5344; x_wconf 82' lang='lat' dir='ltr'><strong>Suida</strong></span> <span class='ocrx_word' id='word_1_822' title='bbox 1503 5293 1689 5358; x_wconf 76' lang='grc' dir='ltr'>Σταθερόνῑ</span> <span class='ocrx_word' id='word_1_823' title='bbox 1708 5321 1741 5329; x_wconf 91' lang='lat'><strong>—-</strong></span> <span class='ocrx_word' id='word_1_824' title='bbox 1758 5293 1831 5356; x_wconf 83' lang='grc' dir='ltr'>τινὲς</span> 
     </span>
    </p>
   </div>
   <div class='ocr_carea' id='block_1_9' title="bbox 149 5327 1631 5434">
    <p class='ocr_par' dir='ltr' id='par_1_13' title="bbox 149 5327 1831 5468">
     <span class='ocr_line' id='line_1_61' title="bbox 149 5327 1631 5434; baseline 0.004 14"><span class='ocrx_word' id='word_1_825' title='bbox 149 5327 975 5398; x_wconf 65' lang='lat' dir='ltr'><strong>l*</strong></span> <span class='ocrx_word' id='word_1_826' title='bbox 1212 5365 1360 5432; x_wconf 64' lang='lat' dir='ltr'><strong>...m</strong></span> <span class='ocrx_word' id='word_1_827' title='bbox 1385 5367 1424 5429; x_wconf 68' lang='lat' dir='ltr'><strong>a</strong></span> <span class='ocrx_word' id='word_1_828' title='bbox 1442 5365 1578 5434; x_wconf 59' lang='grc' dir='ltr'>ιωος</span> <span class='ocrx_word' id='word_1_829' title='bbox 1600 5369 1631 5421; x_wconf 67' lang='lat' dir='ltr'><strong>o</strong></span> 
     </span>
    </p>
   </div>
   <div class='ocr_carea' id='block_1_10' title="bbox 149 5443 1831 5534">
    <p class='ocr_par' dir='ltr' id='par_1_14' title="bbox 149 5443 1831 5534">
     <span class='ocr_line' id='line_1_62' title="bbox 149 5443 1831 5534; baseline 0.003 -17"><span class='ocrx_word' id='word_1_830' title='bbox 149 5467 200 5517; x_wconf 84' lang='lat' dir='ltr'><strong>aed</strong></span> <span class='ocrx_word' id='word_1_831' title='bbox 216 5467 370 5517; x_wconf 91' lang='lat' dir='ltr'><strong>Philonidis</strong></span> <span class='ocrx_word' id='word_1_832' title='bbox 392 5471 499 5519; x_wconf 90' lang='lat' dir='ltr'><strong>nomine</strong></span> <span class='ocrx_word' id='word_1_833' title='bbox 522 5470 669 5534; x_wconf 89' lang='lat' dir='ltr'><strong>inscriptas</strong></span> <span class='ocrx_word' id='word_1_834' title='bbox 692 5469 820 5533; x_wconf 89' lang='lat' dir='ltr'><strong>prodiise.</strong></span> <span class='ocrx_word' id='word_1_835' title='bbox 860 5443 977 5522; x_wconf 71' lang='lat' dir='ltr'><strong>Rectam</strong></span> <span class='ocrx_word' id='word_1_836' title='bbox 1002 5446 1166 5511; x_wconf 51' lang='lat' dir='ltr'><strong>“mem</strong></span> <span class='ocrx_word' id='word_1_837' title='bbox 1190 5443 1355 5510; x_wconf 46' lang='grc' dir='ltr'>νεύματος),</span> <span class='ocrx_word' id='word_1_838' title='bbox 1392 5444 1437 5495; x_wconf 57' lang='grc' dir='ltr'><strong>καὶ</strong></span> <span class='ocrx_word' id='word_1_839' title='bbox 1457 5444 1494 5497; x_wconf 72' lang='grc' dir='ltr'><strong>Ἀ·</strong></span> <span class='ocrx_word' id='word_1_840' title='bbox 1513 5444 1543 5497; x_wconf 64' lang='grc' dir='ltr'>ἐν</span> <span class='ocrx_word' id='word_1_841' title='bbox 1561 5444 1711 5510; x_wconf 58' lang='grc' dir='ltr'>Προαγῶνι</span> <span class='ocrx_word' id='word_1_842' title='bbox 1730 5444 1831 5511; x_wconf 69' lang='grc' dir='ltr'>ίΠροά·</span> 
     </span>
    </p>
   </div>
   <div class='ocr_carea' id='block_1_11' title="bbox 149 5522 1556 5739">
    <p class='ocr_par' dir='ltr' id='par_1_15' title="bbox 149 5522 1556 5739">
     <span class='ocr_line' id='line_1_63' title="bbox 150 5522 1219 5590; baseline 0.005 -8"><span class='ocrx_word' id='word_1_843' title='bbox 150 5533 319 5585; x_wconf 88' lang='lat' dir='ltr'><strong>didascaliae</strong></span> <span class='ocrx_word' id='word_1_844' title='bbox 341 5535 455 5585; x_wconf 76' lang='lat' dir='ltr'><strong>formam</strong></span> <span class='ocrx_word' id='word_1_845' title='bbox 476 5537 521 5587; x_wconf 94' lang='lat' dir='ltr'><strong>hic</strong></span> <span class='ocrx_word' id='word_1_846' title='bbox 540 5542 685 5587; x_wconf 86' lang='lat' dir='ltr'><strong>servarunt</strong></span> <span class='ocrx_word' id='word_1_847' title='bbox 702 5536 811 5589; x_wconf 88' lang='lat' dir='ltr'><strong>codices</strong></span> <span class='ocrx_word' id='word_1_848' title='bbox 828 5540 976 5590; x_wconf 85' lang='lat' dir='ltr'><strong>Ravennae</strong></span> <span class='ocrx_word' id='word_1_849' title='bbox 1002 5538 1073 5586; x_wconf 70' lang='grc' dir='ltr'>Τωνῑ</span> <span class='ocrx_word' id='word_1_850' title='bbox 1092 5522 1219 5587; x_wconf 67' lang='grc' dir='ltr'><strong>Ρίίοίίῑι8)</strong></span> 
     </span>
     <span class='ocr_line' id='line_1_64' title="bbox 149 5595 1556 5670; baseline 0.006 -18"><span class='ocrx_word' id='word_1_851' title='bbox 149 5607 178 5653; x_wconf 91' lang='lat' dir='ltr'><strong>et</strong></span> <span class='ocrx_word' id='word_1_852' title='bbox 190 5602 321 5666; x_wconf 85' lang='lat' dir='ltr'><strong>Venetus,</strong></span> <span class='ocrx_word' id='word_1_853' title='bbox 342 5629 374 5638; x_wconf 89' lang='lat'><em>-</em></span> <span class='ocrx_word' id='word_1_854' title='bbox 396 5601 539 5669; x_wconf 79' lang='grc' dir='ltr'>’Ἀντιγένη</span> <span class='ocrx_word' id='word_1_855' title='bbox 562 5603 605 5655; x_wconf 90' lang='grc' dir='ltr'><strong>διά</strong></span> <span class='ocrx_word' id='word_1_856' title='bbox 626 5601 783 5655; x_wconf 86' lang='grc' dir='ltr'>Φιλωνίδου</span> <span class='ocrx_word' id='word_1_857' title='bbox 805 5603 843 5666; x_wconf 91' lang='grc' dir='ltr'><strong>είς</strong></span> <span class='ocrx_word' id='word_1_858' title='bbox 863 5604 975 5670; x_wconf 86' lang='grc' dir='ltr'>Λήναια.</span> <span class='ocrx_word' id='word_1_859' title='bbox 1070 5598 1195 5663; x_wconf 54' lang='lat' dir='ltr'><strong>{mettid</strong></span> <span class='ocrx_word' id='word_1_860' title='bbox 1213 5597 1242 5648; x_wconf 61' lang='grc' dir='ltr'><strong>δὲ</strong></span> <span class='ocrx_word' id='word_1_861' title='bbox 1260 5595 1344 5649; x_wconf 48' lang='lat' dir='ltr'><strong>“dliii</strong></span> <span class='ocrx_word' id='word_1_862' title='bbox 1363 5599 1463 5662; x_wconf 66' lang='grc' dir='ltr'>νεαρᾶς</span> <span class='ocrx_word' id='word_1_863' title='bbox 1480 5599 1556 5665; x_wconf 72' lang='grc' dir='ltr'>ἥβης-</span> 
     </span>
     <span class='ocr_line' id='line_1_65' title="bbox 150 5657 1389 5739; baseline 0.004 -20"><span class='ocrx_word' id='word_1_864' title='bbox 150 5671 264 5736; x_wconf 87' lang='grc' dir='ltr'>πριὺτος</span> <span class='ocrx_word' id='word_1_865' title='bbox 277 5657 318 5736; x_wconf 73' lang='grc' dir='ltr'><strong>ἢν.</strong></span> <span class='ocrx_word' id='word_1_866' title='bbox 346 5669 477 5735; x_wconf 89' lang='grc' dir='ltr'>δεύτερος</span> <span class='ocrx_word' id='word_1_867' title='bbox 487 5669 622 5739; x_wconf 86' lang='grc' dir='ltr'>Φρύνιχος</span> <span class='ocrx_word' id='word_1_868' title='bbox 640 5670 767 5735; x_wconf 91' lang='grc' dir='ltr'>Μούσαις</span> <span class='ocrx_word' id='word_1_869' title='bbox 785 5679 836 5725; x_wconf 88' lang='lat' dir='ltr'><strong>cet.</strong></span> <span class='ocrx_word' id='word_1_870' title='bbox 1002 5672 1130 5739; x_wconf 87' lang='grc' dir='ltr'>σημαίνει</span> <span class='ocrx_word' id='word_1_871' title='bbox 1149 5673 1194 5724; x_wconf 87' lang='grc' dir='ltr'><strong>καί</strong></span> <span class='ocrx_word' id='word_1_872' title='bbox 1211 5672 1246 5725; x_wconf 89' lang='grc' dir='ltr'>τὸ</span> <span class='ocrx_word' id='word_1_873' title='bbox 1265 5672 1389 5737; x_wconf 89' lang='grc' dir='ltr'>μόνιμον.</span> 
     </span>
    </p>
   </div>
   <div class='ocr_carea' id='block_1_12' title="bbox 0 0 2140 6596">
    <p class='ocr_par' dir='ltr' id='par_1_16' title="bbox 0 0 2140 6596">
     <span class='ocr_line' id='line_1_66' title="bbox 0 0 2140 6596; baseline 0 0"><span class='ocrx_word' id='word_1_874' title='bbox 0 0 2140 6596; x_wconf 95' lang='lat' dir='ltr'><strong> </strong></span> 
     </span>
    </p>
   </div>
  </div>
 </body>
</html>
