<?xml version="1.0" encoding="UTF-8"?>
<!DOCTYPE html PUBLIC "-//W3C//DTD XHTML 1.0 Transitional//EN"
    "http://www.w3.org/TR/xhtml1/DTD/xhtml1-transitional.dtd">
<html xmlns="http://www.w3.org/1999/xhtml" xml:lang="en" lang="en">
 <head>
  <title>
</title>
<meta http-equiv="Content-Type" content="text/html;charset=utf-8" />
  <meta name='ocr-system' content='tesseract 3.04.00' />
  <meta name='ocr-capabilities' content='ocr_page ocr_carea ocr_par ocr_line ocrx_word'/>
</head>
<body>
  <div class='ocr_page' id='page_1' title='image "./poetarumscenico00arisgoog/poetarumscenico00arisgoog_0225.png"; bbox 0 0 4402 6610; ppageno 0'>
   <div class='ocr_carea' id='block_1_1' title="bbox 312 493 1280 546">
    <p class='ocr_par' dir='ltr' id='par_1_1' title="bbox 312 493 1280 546">
     <span class='ocr_line' id='line_1_1' title="bbox 312 493 1280 546; baseline 0.005 -6"><span class='ocrx_word' id='word_1_1' title='bbox 312 499 374 546; x_wconf 81' lang='lat' dir='ltr'>v111</span> <span class='ocrx_word' id='word_1_2' title='bbox 1028 493 1280 545; x_wconf 76' lang='lat' dir='ltr'>PRAEFATIO.</span> 
     </span>
    </p>
   </div>
   <div class='ocr_carea' id='block_1_2' title="bbox 240 639 1997 3258">
    <p class='ocr_par' dir='ltr' id='par_1_2' title="bbox 240 639 1997 3258">
     <span class='ocr_line' id='line_1_2' title="bbox 273 639 1995 714; baseline -0.001 -16"><span class='ocrx_word' id='word_1_3' title='bbox 273 639 277 646; x_wconf 79' lang='grc'><strong>“</strong></span> <span class='ocrx_word' id='word_1_4' title='bbox 307 645 354 712; x_wconf 90' lang='lat' dir='ltr'>qui</span> <span class='ocrx_word' id='word_1_5' title='bbox 375 645 435 714; x_wconf 88' lang='lat' dir='ltr'>ipse</span> <span class='ocrx_word' id='word_1_6' title='bbox 457 659 566 712; x_wconf 88' lang='lat' dir='ltr'>quoque</span> <span class='ocrx_word' id='word_1_7' title='bbox 584 659 667 696; x_wconf 80' lang='lat' dir='ltr'><strong>senex</strong></span> <span class='ocrx_word' id='word_1_8' title='bbox 690 644 744 700; x_wconf 85' lang='lat' dir='ltr'>est.</span> <span class='ocrx_word' id='word_1_9' title='bbox 769 643 891 696; x_wconf 84' lang='lat' dir='ltr'>veterem</span> <span class='ocrx_word' id='word_1_10' title='bbox 909 639 1028 694; x_wconf 84' lang='lat' dir='ltr'>amioum</span> <span class='ocrx_word' id='word_1_11' title='bbox 1050 641 1140 694; x_wconf 86' lang='lat' dir='ltr'>vocet.¹</span> <span class='ocrx_word' id='word_1_12' title='bbox 1151 643 1154 677; x_wconf 77' lang='grc' dir='ltr'>ί</span> <span class='ocrx_word' id='word_1_13' title='bbox 1167 643 1228 696; x_wconf 90' lang='lat' dir='ltr'>erat</span> <span class='ocrx_word' id='word_1_14' title='bbox 1239 641 1376 695; x_wconf 88' lang='lat' dir='ltr'>collocuta</span> <span class='ocrx_word' id='word_1_15' title='bbox 1387 642 1603 697; x_wconf 87' lang='lat' dir='ltr'>inimicissimam</span> <span class='ocrx_word' id='word_1_16' title='bbox 1615 643 1693 698; x_wconf 88' lang='lat' dir='ltr'>Aiaci</span> <span class='ocrx_word' id='word_1_17' title='bbox 1705 659 1764 698; x_wconf 86' lang='lat' dir='ltr'>esse</span> <span class='ocrx_word' id='word_1_18' title='bbox 1779 645 1891 696; x_wconf 89' lang='lat' dir='ltr'>norunt:</span> <span class='ocrx_word' id='word_1_19' title='bbox 1910 643 1995 697; x_wconf 87' lang='lat' dir='ltr'>cuius·</span> 
     </span>
     <span class='ocr_line' id='line_1_3' title="bbox 306 725 1895 796; baseline -0.001 -14"><span class='ocrx_word' id='word_1_20' title='bbox 306 729 394 782; x_wconf 90' lang='lat' dir='ltr'>Poeas</span> <span class='ocrx_word' id='word_1_21' title='bbox 412 728 517 793; x_wconf 88' lang='lat' dir='ltr'>autem,</span> <span class='ocrx_word' id='word_1_22' title='bbox 540 727 712 781; x_wconf 70' lang='lat' dir='ltr'>Philoctetae</span> <span class='ocrx_word' id='word_1_23' title='bbox 734 728 827 796; x_wconf 88' lang='lat' dir='ltr'>pater,</span> <span class='ocrx_word' id='word_1_24' title='bbox 850 731 942 780; x_wconf 85' lang='lat' dir='ltr'>utrum</span> <span class='ocrx_word' id='word_1_25' title='bbox 960 725 1050 778; x_wconf 85' lang='lat' dir='ltr'>adhuc</span> <span class='ocrx_word' id='word_1_26' title='bbox 1067 725 1141 778; x_wconf 92' lang='lat' dir='ltr'>inter</span> <span class='ocrx_word' id='word_1_27' title='bbox 1167 727 1242 781; x_wconf 90' lang='lat' dir='ltr'>modi</span> <span class='ocrx_word' id='word_1_28' title='bbox 1259 727 1433 793; x_wconf 82' lang='grc' dir='ltr'>ἀμφιβολίαις</span> <span class='ocrx_word' id='word_1_29' title='bbox 1451 727 1552 796; x_wconf 81' lang='lat' dir='ltr'>tragici</span> <span class='ocrx_word' id='word_1_30' title='bbox 1569 744 1625 782; x_wconf 90' lang='lat' dir='ltr'>non</span> <span class='ocrx_word' id='word_1_31' title='bbox 1643 743 1706 782; x_wconf 90' lang='lat' dir='ltr'>raro</span> <span class='ocrx_word' id='word_1_32' title='bbox 1724 727 1767 783; x_wconf 84' lang='lat' dir='ltr'>usi</span> <span class='ocrx_word' id='word_1_33' title='bbox 1784 729 1856 780; x_wconf 90' lang='lat' dir='ltr'>sunt.</span> <span class='ocrx_word' id='word_1_34' title='bbox 1892 769 1895 780; x_wconf 92' lang='lat'>.</span> 
     </span>
     <span class='ocr_line' id='line_1_4' title="bbox 306 809 1996 880; baseline 0.002 -15"><span class='ocrx_word' id='word_1_35' title='bbox 306 811 383 866; x_wconf 83' lang='lat' dir='ltr'>sivos</span> <span class='ocrx_word' id='word_1_36' title='bbox 396 816 520 866; x_wconf 73' lang='lat' dir='ltr'>versetur</span> <span class='ocrx_word' id='word_1_37' title='bbox 539 828 574 865; x_wconf 90' lang='lat' dir='ltr'>an</span> <span class='ocrx_word' id='word_1_38' title='bbox 586 811 694 880; x_wconf 80' lang='lat' dir='ltr'><strong>pridem</strong></span> <span class='ocrx_word' id='word_1_39' title='bbox 712 812 836 864; x_wconf 89' lang='lat' dir='ltr'>mortuns</span> <span class='ocrx_word' id='word_1_40' title='bbox 853 809 889 863; x_wconf 90' lang='lat' dir='ltr'>sit</span> <span class='ocrx_word' id='word_1_41' title='bbox 905 809 1042 873; x_wconf 85' lang='lat' dir='ltr'>incertum</span> <span class='ocrx_word' id='word_1_42' title='bbox 1059 809 1138 864; x_wconf 92' lang='lat' dir='ltr'>relin-</span> <span class='ocrx_word' id='word_1_43' title='bbox 1232 809 1265 863; x_wconf 85' lang='lat' dir='ltr'>V.</span> <span class='ocrx_word' id='word_1_44' title='bbox 1285 815 1434 866; x_wconf 81' lang='lat'>108-111.</span> <span class='ocrx_word' id='word_1_45' title='bbox 1458 815 1504 866; x_wconf 87' lang='lat' dir='ltr'>AI.</span> <span class='ocrx_word' id='word_1_46' title='bbox 1526 816 1592 880; x_wconf 88' lang='grc' dir='ltr'>πρίν</span> <span class='ocrx_word' id='word_1_47' title='bbox 1610 814 1645 866; x_wconf 83' lang='grc' dir='ltr'>ἂν</span> <span class='ocrx_word' id='word_1_48' title='bbox 1662 815 1751 877; x_wconf 89' lang='grc' dir='ltr'>δεθείς</span> <span class='ocrx_word' id='word_1_49' title='bbox 1774 815 1844 879; x_wconf 87' lang='grc' dir='ltr'>πρὸς</span> <span class='ocrx_word' id='word_1_50' title='bbox 1863 814 1937 866; x_wconf 87' lang='grc' dir='ltr'>κίον’</span> <span class='ocrx_word' id='word_1_51' title='bbox 1954 815 1996 880; x_wconf 86' lang='grc' dir='ltr'>ἐρ</span> 
     </span>
     <span class='ocr_line' id='line_1_5' title="bbox 306 893 1995 966; baseline 0.001 -15"><span class='ocrx_word' id='word_1_52' title='bbox 306 897 367 966; x_wconf 90' lang='lat' dir='ltr'>quit</span> <span class='ocrx_word' id='word_1_53' title='bbox 384 896 538 951; x_wconf 73' lang='lat' dir='ltr'><strong>Philocteta</strong></span> <span class='ocrx_word' id='word_1_54' title='bbox 561 915 585 951; x_wconf 84' lang='lat' dir='ltr'>v.</span> <span class='ocrx_word' id='word_1_55' title='bbox 604 902 753 951; x_wconf 78' lang='lat' dir='ltr'>lae-499.</span> <span class='ocrx_word' id='word_1_56' title='bbox 778 898 809 949; x_wconf 92' lang='lat' dir='ltr'>ut</span> <span class='ocrx_word' id='word_1_57' title='bbox 826 895 894 948; x_wconf 85' lang='lat' dir='ltr'>nihil</span> <span class='ocrx_word' id='word_1_58' title='bbox 916 893 1025 948; x_wconf 87' lang='lat' dir='ltr'>intersit</span> <span class='ocrx_word' id='word_1_59' title='bbox 1046 895 1139 948; x_wconf 87' lang='lat' dir='ltr'>utrum</span> <span class='ocrx_word' id='word_1_60' title='bbox 1166 896 1241 950; x_wconf 91' lang='grc' dir='ltr'>κείου</span> <span class='ocrx_word' id='word_1_61' title='bbox 1259 897 1359 964; x_wconf 80' lang='grc' dir='ltr'>στέγης</span> <span class='ocrx_word' id='word_1_62' title='bbox 1375 898 1379 964; x_wconf 84' lang='grc' dir='ltr'>Ι</span> <span class='ocrx_word' id='word_1_63' title='bbox 1394 899 1450 952; x_wconf 82' lang='grc' dir='ltr'>ΑΘ.</span> <span class='ocrx_word' id='word_1_64' title='bbox 1468 897 1496 950; x_wconf 88' lang='grc' dir='ltr'>τί</span> <span class='ocrx_word' id='word_1_65' title='bbox 1507 899 1579 964; x_wconf 79' lang='grc' dir='ltr'>δῆτα</span> <span class='ocrx_word' id='word_1_66' title='bbox 1596 899 1648 952; x_wconf 87' lang='grc' dir='ltr'>τὸν</span> <span class='ocrx_word' id='word_1_67' title='bbox 1666 900 1808 966; x_wconf 87' lang='grc' dir='ltr'>δύστηνον</span> <span class='ocrx_word' id='word_1_68' title='bbox 1826 899 1937 964; x_wconf 84' lang='grc' dir='ltr'>ἐργάσει</span> <span class='ocrx_word' id='word_1_69' title='bbox 1951 915 1995 952; x_wconf 89' lang='grc' dir='ltr'>κα-</span> 
     </span>
     <span class='ocr_line' id='line_1_6' title="bbox 306 980 1994 1052; baseline -0.001 -16"><span class='ocrx_word' id='word_1_70' title='bbox 306 985 413 1049; x_wconf 90' lang='grc' dir='ltr'>πατρὸς</span> <span class='ocrx_word' id='word_1_71' title='bbox 435 983 471 1049; x_wconf 86' lang='grc' dir='ltr'>ἠν</span> <span class='ocrx_word' id='word_1_72' title='bbox 494 983 561 1049; x_wconf 78' lang='grc' dir='ltr'>ἐμοῦ</span> <span class='ocrx_word' id='word_1_73' title='bbox 586 981 667 1048; x_wconf 80' lang='grc' dir='ltr'>φίλος</span> <span class='ocrx_word' id='word_1_74' title='bbox 694 999 730 1035; x_wconf 88' lang='lat' dir='ltr'>an</span> <span class='ocrx_word' id='word_1_75' title='bbox 753 982 859 1047; x_wconf 89' lang='grc' dir='ltr'>πατρός</span> <span class='ocrx_word' id='word_1_76' title='bbox 881 982 943 1034; x_wconf 84' lang='grc' dir='ltr'>ἐστ’</span> <span class='ocrx_word' id='word_1_77' title='bbox 965 981 1032 1043; x_wconf 79' lang='grc' dir='ltr'>ἐμοῦ</span> <span class='ocrx_word' id='word_1_78' title='bbox 1056 980 1138 1046; x_wconf 80' lang='grc' dir='ltr'>φίλος</span> <span class='ocrx_word' id='word_1_79' title='bbox 1165 983 1229 1045; x_wconf 61' lang='lat' dir='ltr'>aaa</span> <span class='ocrx_word' id='word_1_80' title='bbox 1256 981 1260 1048; x_wconf 83' lang='grc' dir='ltr'>ί</span> <span class='ocrx_word' id='word_1_81' title='bbox 1285 984 1330 1034; x_wconf 90' lang='grc' dir='ltr'>ΔΙ.</span> <span class='ocrx_word' id='word_1_82' title='bbox 1355 982 1465 1048; x_wconf 80' lang='grc' dir='ltr'>μάστιγι</span> <span class='ocrx_word' id='word_1_83' title='bbox 1487 987 1605 1049; x_wconf 84' lang='grc' dir='ltr'>πρῶτον</span> <span class='ocrx_word' id='word_1_84' title='bbox 1627 988 1706 1036; x_wconf 82' lang='grc' dir='ltr'>νῶτα</span> <span class='ocrx_word' id='word_1_85' title='bbox 1727 985 1879 1049; x_wconf 87' lang='grc' dir='ltr'>φοινιχθείς</span> <span class='ocrx_word' id='word_1_86' title='bbox 1900 983 1994 1052; x_wconf 59' lang='lat' dir='ltr'>trina]</span> 
     </span>
     <span class='ocr_line' id='line_1_7' title="bbox 305 1064 1996 1135; baseline 0 -15"><span class='ocrx_word' id='word_1_87' title='bbox 305 1067 449 1121; x_wconf 79' lang='lat' dir='ltr'><strong>scribatur.</strong></span> <span class='ocrx_word' id='word_1_88' title='bbox 1164 1064 1290 1118; x_wconf 80' lang='lat' dir='ltr'><strong>Absurde</strong></span> <span class='ocrx_word' id='word_1_89' title='bbox 1301 1064 1404 1134; x_wconf 85' lang='lat' dir='ltr'>legitur</span> <span class='ocrx_word' id='word_1_90' title='bbox 1416 1068 1497 1135; x_wconf 90' lang='grc' dir='ltr'>θάνη,</span> <span class='ocrx_word' id='word_1_91' title='bbox 1517 1066 1573 1120; x_wconf 85' lang='lat' dir='ltr'>sire</span> <span class='ocrx_word' id='word_1_92' title='bbox 1585 1066 1693 1120; x_wconf 89' lang='lat' dir='ltr'>librarii</span> <span class='ocrx_word' id='word_1_93' title='bbox 1710 1066 1823 1120; x_wconf 88' lang='lat' dir='ltr'>alicuius</span> <span class='ocrx_word' id='word_1_94' title='bbox 1840 1067 1896 1121; x_wconf 86' lang='lat' dir='ltr'>sire</span> <span class='ocrx_word' id='word_1_95' title='bbox 1913 1067 1996 1120; x_wconf 88' lang='lat' dir='ltr'>inter·</span> 
     </span>
     <span class='ocr_line' id='line_1_8' title="bbox 373 1147 1996 1222; baseline 0 -18"><span class='ocrx_word' id='word_1_96' title='bbox 373 1151 446 1206; x_wconf 89' lang='lat' dir='ltr'>Satis</span> <span class='ocrx_word' id='word_1_97' title='bbox 459 1152 562 1207; x_wconf 89' lang='lat' dir='ltr'>dictum</span> <span class='ocrx_word' id='word_1_98' title='bbox 574 1150 608 1203; x_wconf 90' lang='lat' dir='ltr'>de</span> <span class='ocrx_word' id='word_1_99' title='bbox 621 1147 744 1203; x_wconf 80' lang='lat' dir='ltr'>versibus</span> <span class='ocrx_word' id='word_1_100' title='bbox 757 1148 863 1218; x_wconf 86' lang='lat' dir='ltr'>spuriis.</span> <span class='ocrx_word' id='word_1_101' title='bbox 888 1148 1038 1214; x_wconf 75' lang='lat' dir='ltr'>Aliquanto</span> <span class='ocrx_word' id='word_1_102' title='bbox 1050 1148 1138 1202; x_wconf 90' lang='lat' dir='ltr'>maior</span> <span class='ocrx_word' id='word_1_103' title='bbox 1163 1149 1297 1217; x_wconf 86' lang='lat' dir='ltr'>polaton&#39;s</span> <span class='ocrx_word' id='word_1_104' title='bbox 1316 1167 1416 1216; x_wconf 88' lang='lat' dir='ltr'>errore,</span> <span class='ocrx_word' id='word_1_105' title='bbox 1435 1150 1556 1219; x_wconf 87' lang='lat' dir='ltr'>syllabas</span> <span class='ocrx_word' id='word_1_106' title='bbox 1568 1151 1636 1206; x_wconf 89' lang='lat' dir='ltr'>duas</span> <span class='ocrx_word' id='word_1_107' title='bbox 1655 1150 1768 1205; x_wconf 86' lang='lat' dir='ltr'>omissas</span> <span class='ocrx_word' id='word_1_108' title='bbox 1786 1151 1948 1222; x_wconf 80' lang='lat' dir='ltr'><strong>supplentis,</strong></span> <span class='ocrx_word' id='word_1_109' title='bbox 1966 1152 1996 1205; x_wconf 92' lang='lat' dir='ltr'>ut</span> 
     </span>
     <span class='ocr_line' id='line_1_9' title="bbox 304 1233 1995 1306; baseline 0 -18"><span class='ocrx_word' id='word_1_110' title='bbox 304 1235 441 1290; x_wconf 90' lang='lat' dir='ltr'>minorum</span> <span class='ocrx_word' id='word_1_111' title='bbox 467 1234 711 1304; x_wconf 88' lang='lat' dir='ltr'>interpolationum</span> <span class='ocrx_word' id='word_1_112' title='bbox 737 1250 866 1288; x_wconf 88' lang='lat' dir='ltr'>numerus</span> <span class='ocrx_word' id='word_1_113' title='bbox 890 1235 933 1287; x_wconf 90' lang='lat' dir='ltr'>est</span> <span class='ocrx_word' id='word_1_114' title='bbox 959 1233 1058 1300; x_wconf 88' lang='lat' dir='ltr'>quibus</span> <span class='ocrx_word' id='word_1_115' title='bbox 1081 1248 1137 1288; x_wconf 87' lang='lat' dir='ltr'>cor·</span> <span class='ocrx_word' id='word_1_116' title='bbox 1163 1234 1256 1302; x_wconf 88' lang='lat' dir='ltr'>paullo</span> <span class='ocrx_word' id='word_1_117' title='bbox 1280 1237 1345 1289; x_wconf 87' lang='lat' dir='ltr'>aute</span> <span class='ocrx_word' id='word_1_118' title='bbox 1366 1241 1466 1288; x_wconf 83' lang='grc' dir='ltr'><strong>τ.116.</strong></span> <span class='ocrx_word' id='word_1_119' title='bbox 1490 1241 1577 1290; x_wconf 78' lang='grc' dir='ltr'>τοῦτο</span> <span class='ocrx_word' id='word_1_120' title='bbox 1598 1253 1727 1306; x_wconf 85' lang='lat' dir='ltr'>perverse</span> <span class='ocrx_word' id='word_1_121' title='bbox 1749 1236 1889 1290; x_wconf 88' lang='lat' dir='ltr'>intulerat.</span> <span class='ocrx_word' id='word_1_122' title='bbox 1926 1237 1995 1305; x_wconf 88' lang='grc' dir='ltr'>θάνη</span> 
     </span>
     <span class='ocr_line' id='line_1_10' title="bbox 304 1316 1995 1390; baseline 0 -16"><span class='ocrx_word' id='word_1_123' title='bbox 304 1323 426 1376; x_wconf 88' lang='lat' dir='ltr'>rectores</span> <span class='ocrx_word' id='word_1_124' title='bbox 437 1321 544 1374; x_wconf 86' lang='lat' dir='ltr'>veteres</span> <span class='ocrx_word' id='word_1_125' title='bbox 555 1319 692 1373; x_wconf 83' lang='lat' dir='ltr'>vocabula</span> <span class='ocrx_word' id='word_1_126' title='bbox 708 1318 737 1370; x_wconf 93' lang='lat' dir='ltr'>in</span> <span class='ocrx_word' id='word_1_127' title='bbox 749 1317 826 1371; x_wconf 89' lang='lat' dir='ltr'>libris</span> <span class='ocrx_word' id='word_1_128' title='bbox 844 1316 965 1385; x_wconf 89' lang='lat' dir='ltr'>antiquis</span> <span class='ocrx_word' id='word_1_129' title='bbox 981 1318 1025 1371; x_wconf 90' lang='lat' dir='ltr'>vel</span> <span class='ocrx_word' id='word_1_130' title='bbox 1037 1318 1139 1373; x_wconf 89' lang='lat' dir='ltr'>omissa</span> <span class='ocrx_word' id='word_1_131' title='bbox 1164 1319 1186 1372; x_wconf 89' lang='lat' dir='ltr'>si</span> <span class='ocrx_word' id='word_1_132' title='bbox 1208 1321 1283 1373; x_wconf 90' lang='lat' dir='ltr'>recte</span> <span class='ocrx_word' id='word_1_133' title='bbox 1304 1320 1456 1390; x_wconf 82' lang='lat' dir='ltr'>legeretur,</span> <span class='ocrx_word' id='word_1_134' title='bbox 1483 1319 1554 1374; x_wconf 88' lang='lat' dir='ltr'>Aiax</span> <span class='ocrx_word' id='word_1_135' title='bbox 1579 1320 1621 1374; x_wconf 89' lang='lat' dir='ltr'>bis</span> <span class='ocrx_word' id='word_1_136' title='bbox 1644 1321 1819 1376; x_wconf 89' lang='lat' dir='ltr'>moriendum</span> <span class='ocrx_word' id='word_1_137' title='bbox 1840 1321 1914 1374; x_wconf 81' lang='lat' dir='ltr'>Ulixi</span> <span class='ocrx_word' id='word_1_138' title='bbox 1937 1337 1995 1375; x_wconf 85' lang='lat' dir='ltr'>esse</span> 
     </span>
     <span class='ocr_line' id='line_1_11' title="bbox 240 1401 1995 1476; baseline 0 -18"><span class='ocrx_word' id='word_1_139' title='bbox 240 1401 244 1408; x_wconf 87' lang='lat'>&#39;</span> <span class='ocrx_word' id='word_1_140' title='bbox 304 1407 432 1476; x_wconf 89' lang='lat' dir='ltr'>supplere</span> <span class='ocrx_word' id='word_1_141' title='bbox 450 1405 494 1458; x_wconf 88' lang='lat' dir='ltr'>vel</span> <span class='ocrx_word' id='word_1_142' title='bbox 508 1421 579 1472; x_wconf 88' lang='lat' dir='ltr'>quae</span> <span class='ocrx_word' id='word_1_143' title='bbox 598 1403 730 1473; x_wconf 80' lang='lat' dir='ltr'>corrupta</span> <span class='ocrx_word' id='word_1_144' title='bbox 747 1405 795 1457; x_wconf 88' lang='lat' dir='ltr'>aut</span> <span class='ocrx_word' id='word_1_145' title='bbox 813 1403 903 1456; x_wconf 89' lang='lat' dir='ltr'>essent</span> <span class='ocrx_word' id='word_1_146' title='bbox 921 1405 970 1456; x_wconf 91' lang='lat' dir='ltr'>aut</span> <span class='ocrx_word' id='word_1_147' title='bbox 988 1420 1046 1456; x_wconf 89' lang='lat' dir='ltr'>esse</span> <span class='ocrx_word' id='word_1_148' title='bbox 1064 1403 1137 1457; x_wconf 85' lang='lat' dir='ltr'>vide-</span> <span class='ocrx_word' id='word_1_149' title='bbox 1164 1404 1280 1471; x_wconf 89' lang='lat' dir='ltr'>diceret,</span> <span class='ocrx_word' id='word_1_150' title='bbox 1302 1403 1439 1458; x_wconf 83' lang='lat' dir='ltr'>locutione</span> <span class='ocrx_word' id='word_1_151' title='bbox 1457 1404 1637 1474; x_wconf 86' lang='lat' dir='ltr'>hyperbolica</span> <span class='ocrx_word' id='word_1_152' title='bbox 1654 1423 1710 1460; x_wconf 89' lang='lat' dir='ltr'>non</span> <span class='ocrx_word' id='word_1_153' title='bbox 1727 1404 1897 1472; x_wconf 81' lang='lat' dir='ltr'>infrequenti</span> <span class='ocrx_word' id='word_1_154' title='bbox 1915 1407 1943 1458; x_wconf 90' lang='lat' dir='ltr'>et</span> <span class='ocrx_word' id='word_1_155' title='bbox 1960 1405 1995 1459; x_wconf 87' lang='lat' dir='ltr'>ab</span> 
     </span>
     <span class='ocr_line' id='line_1_12' title="bbox 304 1461 1996 1561; baseline 0 -17"><span class='ocrx_word' id='word_1_156' title='bbox 304 1493 399 1544; x_wconf 89' lang='lat' dir='ltr'>rentur</span> <span class='ocrx_word' id='word_1_157' title='bbox 411 1489 559 1556; x_wconf 79' lang='lat' dir='ltr'>emendare</span> <span class='ocrx_word' id='word_1_158' title='bbox 572 1489 637 1542; x_wconf 88' lang='lat' dir='ltr'>sunt</span> <span class='ocrx_word' id='word_1_159' title='bbox 649 1488 748 1542; x_wconf 89' lang='lat' dir='ltr'>conati.</span> <span class='ocrx_word' id='word_1_160' title='bbox 774 1486 1041 1556; x_wconf 84' lang='lat' dir='ltr'>Qualianoupauca</span> <span class='ocrx_word' id='word_1_161' title='bbox 1053 1461 1347 1561; x_wconf 71' lang='lat' dir='ltr'>quumiAristophane</span> <span class='ocrx_word' id='word_1_162' title='bbox 1375 1490 1519 1558; x_wconf 90' lang='lat' dir='ltr'>usquead</span> <span class='ocrx_word' id='word_1_163' title='bbox 1547 1492 1634 1546; x_wconf 73' lang='lat' dir='ltr'>elaces</span> <span class='ocrx_word' id='word_1_164' title='bbox 1656 1491 1794 1553; x_wconf 82' lang='grc' dir='ltr'>θανάτους</span> <span class='ocrx_word' id='word_1_165' title='bbox 1811 1491 1996 1558; x_wconf 79' lang='lat' dir='ltr'>exaggerata,</span> 
     </span>
     <span class='ocr_line' id='line_1_13' title="bbox 303 1568 1995 1684; baseline -0.001 -55"><span class='ocrx_word' id='word_1_166' title='bbox 303 1575 411 1645; x_wconf 82' lang='lat' dir='ltr'>pridem</span> <span class='ocrx_word' id='word_1_167' title='bbox 428 1574 472 1628; x_wconf 85' lang='lat' dir='ltr'>vel</span> <span class='ocrx_word' id='word_1_168' title='bbox 490 1574 525 1628; x_wconf 87' lang='lat' dir='ltr'>ab</span> <span class='ocrx_word' id='word_1_169' title='bbox 544 1571 604 1627; x_wconf 87' lang='lat' dir='ltr'>aliis</span> <span class='ocrx_word' id='word_1_170' title='bbox 622 1573 667 1627; x_wconf 90' lang='lat' dir='ltr'>vel</span> <span class='ocrx_word' id='word_1_171' title='bbox 688 1573 723 1626; x_wconf 90' lang='lat' dir='ltr'>ab</span> <span class='ocrx_word' id='word_1_172' title='bbox 742 1589 787 1626; x_wconf 89' lang='lat' dir='ltr'>me</span> <span class='ocrx_word' id='word_1_173' title='bbox 807 1572 869 1641; x_wconf 90' lang='lat' dir='ltr'>ipso</span> <span class='ocrx_word' id='word_1_174' title='bbox 888 1571 944 1625; x_wconf 88' lang='lat' dir='ltr'>sint</span> <span class='ocrx_word' id='word_1_175' title='bbox 960 1575 1069 1639; x_wconf 83' lang='lat' dir='ltr'>notata,</span> <span class='ocrx_word' id='word_1_176' title='bbox 1093 1571 1137 1626; x_wconf 91' lang='lat' dir='ltr'>hic</span> <span class='ocrx_word' id='word_1_177' title='bbox 1149 1568 1151 1684; x_wconf 53' lang='lat' dir='ltr'>t</span> <span class='ocrx_word' id='word_1_178' title='bbox 1164 1574 1299 1642; x_wconf 88' lang='lat' dir='ltr'>quasinti</span> <span class='ocrx_word' id='word_1_179' title='bbox 1310 1574 1442 1628; x_wconf 83' lang='lat' dir='ltr'>voluisset</span> <span class='ocrx_word' id='word_1_180' title='bbox 1452 1574 1609 1643; x_wconf 87' lang='lat' dir='ltr'>Sophocles,</span> <span class='ocrx_word' id='word_1_181' title='bbox 1622 1575 1777 1630; x_wconf 79' lang='lat' dir='ltr'>addidisset</span> <span class='ocrx_word' id='word_1_182' title='bbox 1788 1577 1829 1638; x_wconf 81' lang='grc' dir='ltr'>δίς</span> <span class='ocrx_word' id='word_1_183' title='bbox 1838 1577 1891 1644; x_wconf 87' lang='grc' dir='ltr'>γάρ</span> <span class='ocrx_word' id='word_1_184' title='bbox 1902 1579 1995 1628; x_wconf 77' lang='grc' dir='ltr'>θανεῖν</span> 
     </span>
     <span class='ocr_line' id='line_1_14' title="bbox 302 1657 1995 1727; baseline 0 -15"><span class='ocrx_word' id='word_1_185' title='bbox 302 1660 434 1714; x_wconf 89' lang='lat' dir='ltr'>nonnulla</span> <span class='ocrx_word' id='word_1_186' title='bbox 456 1659 559 1713; x_wconf 90' lang='lat' dir='ltr'>addam</span> <span class='ocrx_word' id='word_1_187' title='bbox 580 1659 645 1727; x_wconf 91' lang='lat' dir='ltr'>post</span> <span class='ocrx_word' id='word_1_188' title='bbox 667 1657 816 1711; x_wconf 89' lang='lat' dir='ltr'>editionem</span> <span class='ocrx_word' id='word_1_189' title='bbox 838 1673 930 1712; x_wconf 87' lang='lat' dir='ltr'>meam</span> <span class='ocrx_word' id='word_1_190' title='bbox 952 1657 1137 1712; x_wconf 87' lang='lat' dir='ltr'>Oxoniensem</span> <span class='ocrx_word' id='word_1_191' title='bbox 1163 1677 1215 1726; x_wconf 88' lang='grc' dir='ltr'>νιν,</span> <span class='ocrx_word' id='word_1_192' title='bbox 1234 1662 1286 1726; x_wconf 88' lang='grc' dir='ltr'>οὺχ</span> <span class='ocrx_word' id='word_1_193' title='bbox 1305 1661 1377 1714; x_wconf 75' lang='lat' dir='ltr'>daut</span> <span class='ocrx_word' id='word_1_194' title='bbox 1397 1661 1493 1726; x_wconf 87' lang='grc' dir='ltr'>μόνον,</span> <span class='ocrx_word' id='word_1_195' title='bbox 1513 1662 1602 1727; x_wconf 86' lang='grc' dir='ltr'>θέλω,</span> <span class='ocrx_word' id='word_1_196' title='bbox 1621 1660 1665 1714; x_wconf 83' lang='lat' dir='ltr'>rel</span> <span class='ocrx_word' id='word_1_197' title='bbox 1683 1659 1771 1714; x_wconf 89' lang='lat' dir='ltr'>simile</span> <span class='ocrx_word' id='word_1_198' title='bbox 1790 1658 1864 1726; x_wconf 86' lang='lat' dir='ltr'>quid,</span> <span class='ocrx_word' id='word_1_199' title='bbox 1882 1662 1914 1713; x_wconf 92' lang='lat' dir='ltr'>ut</span> <span class='ocrx_word' id='word_1_200' title='bbox 1932 1659 1995 1713; x_wconf 82' lang='lat' dir='ltr'>alio·</span> 
     </span>
     <span class='ocr_line' id='line_1_15' title="bbox 302 1732 1994 1813; baseline -0.001 -14"><span class='ocrx_word' id='word_1_201' title='bbox 302 1745 414 1799; x_wconf 88' lang='lat' dir='ltr'>tertiam</span> <span class='ocrx_word' id='word_1_202' title='bbox 433 1747 467 1812; x_wconf 90' lang='lat' dir='ltr'>(a.</span> <span class='ocrx_word' id='word_1_203' title='bbox 489 1745 573 1810; x_wconf 80' lang='lat'>1860.)</span> <span class='ocrx_word' id='word_1_204' title='bbox 592 1740 791 1796; x_wconf 80' lang='lat' dir='ltr'>animadversa.</span> <span class='ocrx_word' id='word_1_205' title='bbox 1148 1732 1223 1798; x_wconf 75' lang='lat' dir='ltr'>&#39;rum</span> <span class='ocrx_word' id='word_1_206' title='bbox 1245 1743 1402 1798; x_wconf 86' lang='lat' dir='ltr'>huiusmodi</span> <span class='ocrx_word' id='word_1_207' title='bbox 1419 1744 1551 1798; x_wconf 85' lang='lat' dir='ltr'>docorum</span> <span class='ocrx_word' id='word_1_208' title='bbox 1573 1744 1744 1813; x_wconf 85' lang='lat' dir='ltr'>comparatio</span> <span class='ocrx_word' id='word_1_209' title='bbox 1774 1745 1874 1800; x_wconf 88' lang='lat' dir='ltr'>docere</span> <span class='ocrx_word' id='word_1_210' title='bbox 1895 1745 1994 1813; x_wconf 84' lang='lat' dir='ltr'>potest</span> 
     </span>
     <span class='ocr_line' id='line_1_16' title="bbox 369 1826 1995 1899; baseline -0.001 -16"><span class='ocrx_word' id='word_1_211' title='bbox 369 1827 486 1883; x_wconf 79' lang='lat' dir='ltr'>AIACIS</span> <span class='ocrx_word' id='word_1_212' title='bbox 504 1846 529 1881; x_wconf 86' lang='lat' dir='ltr'>r.</span> <span class='ocrx_word' id='word_1_213' title='bbox 551 1834 606 1888; x_wconf 85' lang='grc'><strong>1114.</strong></span> <span class='ocrx_word' id='word_1_214' title='bbox 630 1827 707 1881; x_wconf 80' lang='lat' dir='ltr'>Aiaci</span> <span class='ocrx_word' id='word_1_215' title='bbox 730 1826 874 1894; x_wconf 74' lang='lat' dir='ltr'><strong>quaerenti</strong></span> <span class='ocrx_word' id='word_1_216' title='bbox 896 1829 913 1894; x_wconf 87' lang='grc' dir='ltr'>ῆ</span> <span class='ocrx_word' id='word_1_217' title='bbox 933 1827 1136 1894; x_wconf 84' lang='grc' dir='ltr'>τούπίτριπτον</span> <span class='ocrx_word' id='word_1_218' title='bbox 1161 1846 1196 1882; x_wconf 90' lang='lat' dir='ltr'>ne</span> <span class='ocrx_word' id='word_1_219' title='bbox 1222 1828 1340 1898; x_wconf 78' lang='lat' dir='ltr'>ineptire</span> <span class='ocrx_word' id='word_1_220' title='bbox 1362 1827 1452 1898; x_wconf 78' lang='lat' dir='ltr'>magis</span> <span class='ocrx_word' id='word_1_221' title='bbox 1476 1837 1559 1896; x_wconf 88' lang='lat' dir='ltr'>quani</span> <span class='ocrx_word' id='word_1_222' title='bbox 1582 1829 1761 1898; x_wconf 89' lang='lat' dir='ltr'>hyperbolice</span> <span class='ocrx_word' id='word_1_223' title='bbox 1787 1828 1866 1897; x_wconf 90' lang='lat' dir='ltr'>loqui</span> <span class='ocrx_word' id='word_1_224' title='bbox 1892 1828 1995 1899; x_wconf 73' lang='lat' dir='ltr'>sidere·</span> 
     </span>
     <span class='ocr_line' id='line_1_17' title="bbox 303 1911 1995 1982; baseline 0 -15"><span class='ocrx_word' id='word_1_225' title='bbox 303 1915 412 1978; x_wconf 88' lang='grc' dir='ltr'>κίναδος</span> <span class='ocrx_word' id='word_1_226' title='bbox 426 1915 525 1980; x_wconf 79' lang='grc' dir='ltr'>ἐξήρου</span> <span class='ocrx_word' id='word_1_227' title='bbox 540 1915 571 1980; x_wconf 79' lang='grc' dir='ltr'>μ’</span> <span class='ocrx_word' id='word_1_228' title='bbox 584 1915 670 1978; x_wconf 68' lang='grc' dir='ltr'>ὅσους</span> <span class='ocrx_word' id='word_1_229' title='bbox 689 1912 813 1966; x_wconf 87' lang='lat' dir='ltr'>Minerva</span> <span class='ocrx_word' id='word_1_230' title='bbox 831 1912 997 1980; x_wconf 88' lang='lat' dir='ltr'>respondere</span> <span class='ocrx_word' id='word_1_231' title='bbox 1016 1911 1136 1965; x_wconf 90' lang='lat' dir='ltr'>creditur</span> <span class='ocrx_word' id='word_1_232' title='bbox 1161 1915 1214 1966; x_wconf 90' lang='lat' dir='ltr'>tur.</span> <span class='ocrx_word' id='word_1_233' title='bbox 1240 1913 1295 1968; x_wconf 87' lang='lat' dir='ltr'>Sed</span> <span class='ocrx_word' id='word_1_234' title='bbox 1314 1915 1356 1968; x_wconf 91' lang='lat' dir='ltr'>est</span> <span class='ocrx_word' id='word_1_235' title='bbox 1374 1913 1509 1968; x_wconf 90' lang='lat' dir='ltr'>eiusmodi</span> <span class='ocrx_word' id='word_1_236' title='bbox 1520 1913 1676 1982; x_wconf 81' lang='lat' dir='ltr'>hyperbole</span> <span class='ocrx_word' id='word_1_237' title='bbox 1687 1913 1769 1982; x_wconf 88' lang='lat' dir='ltr'>plane</span> <span class='ocrx_word' id='word_1_238' title='bbox 1787 1913 1879 1968; x_wconf 87' lang='lat' dir='ltr'>aliena</span> <span class='ocrx_word' id='word_1_239' title='bbox 1896 1913 1995 1968; x_wconf 88' lang='lat' dir='ltr'>abhoc</span> 
     </span>
     <span class='ocr_line' id='line_1_18' title="bbox 302 1987 1995 2069; baseline 0 -17"><span class='ocrx_word' id='word_1_240' title='bbox 302 2001 402 2065; x_wconf 80' lang='grc' dir='ltr'>ἔγωγ’·</span> <span class='ocrx_word' id='word_1_241' title='bbox 428 1999 563 2053; x_wconf 84' lang='grc' dir='ltr'>Ὀδυσσέα</span> <span class='ocrx_word' id='word_1_242' title='bbox 580 2000 633 2052; x_wconf 88' lang='grc' dir='ltr'>τὸν</span> <span class='ocrx_word' id='word_1_243' title='bbox 652 2001 713 2051; x_wconf 81' lang='grc' dir='ltr'>σὸν,</span> <span class='ocrx_word' id='word_1_244' title='bbox 727 1997 866 2064; x_wconf 86' lang='grc' dir='ltr'>ἐνστάτην</span> <span class='ocrx_word' id='word_1_245' title='bbox 884 1999 975 2062; x_wconf 90' lang='grc' dir='ltr'>λέγω,</span> <span class='ocrx_word' id='word_1_246' title='bbox 996 1995 1136 2064; x_wconf 88' lang='lat' dir='ltr'>interpun-</span> <span class='ocrx_word' id='word_1_247' title='bbox 1161 1999 1222 2052; x_wconf 90' lang='lat' dir='ltr'>loeo</span> <span class='ocrx_word' id='word_1_248' title='bbox 1234 2015 1449 2069; x_wconf 88' lang='lat' dir='ltr'>perversumque</span> <span class='ocrx_word' id='word_1_249' title='bbox 1468 2000 1511 2052; x_wconf 90' lang='lat' dir='ltr'>est</span> <span class='ocrx_word' id='word_1_250' title='bbox 1521 1998 1644 2064; x_wconf 85' lang='lat' dir='ltr'>Aiacem,</span> <span class='ocrx_word' id='word_1_251' title='bbox 1662 1998 1710 2066; x_wconf 92' lang='lat' dir='ltr'>qui</span> <span class='ocrx_word' id='word_1_252' title='bbox 1722 1987 1807 2052; x_wconf 75' lang='lat' dir='ltr'>modo&#39;</span> <span class='ocrx_word' id='word_1_253' title='bbox 1824 1999 1934 2053; x_wconf 66' lang='lat' dir='ltr'>diuersa</span> <span class='ocrx_word' id='word_1_254' title='bbox 1951 2002 1995 2052; x_wconf 91' lang='grc' dir='ltr'>θα-</span> 
     </span>
     <span class='ocr_line' id='line_1_19' title="bbox 305 2081 1996 2152; baseline 0 -16"><span class='ocrx_word' id='word_1_255' title='bbox 305 2083 395 2136; x_wconf 90' lang='lat' dir='ltr'>ctione</span> <span class='ocrx_word' id='word_1_256' title='bbox 412 2083 477 2151; x_wconf 92' lang='lat' dir='ltr'>post</span> <span class='ocrx_word' id='word_1_257' title='bbox 494 2085 583 2149; x_wconf 80' lang='grc' dir='ltr'>ἔγωγε</span> <span class='ocrx_word' id='word_1_258' title='bbox 603 2081 687 2150; x_wconf 89' lang='lat' dir='ltr'>(quod</span> <span class='ocrx_word' id='word_1_259' title='bbox 705 2081 948 2151; x_wconf 78' lang='grc' dir='ltr'>ἐγὼδέοιιρίιιιιι</span> <span class='ocrx_word' id='word_1_260' title='bbox 965 2081 1054 2135; x_wconf 90' lang='lat' dir='ltr'>estin</span> <span class='ocrx_word' id='word_1_261' title='bbox 1072 2097 1137 2149; x_wconf 89' lang='lat' dir='ltr'>apo·</span> <span class='ocrx_word' id='word_1_262' title='bbox 1162 2090 1222 2138; x_wconf 86' lang='grc' dir='ltr'>νεῖν</span> <span class='ocrx_word' id='word_1_263' title='bbox 1244 2087 1298 2152; x_wconf 88' lang='grc' dir='ltr'>γὰρ</span> <span class='ocrx_word' id='word_1_264' title='bbox 1320 2087 1409 2138; x_wconf 86' lang='grc' dir='ltr'>αὐτὸν</span> <span class='ocrx_word' id='word_1_265' title='bbox 1428 2086 1460 2138; x_wconf 85' lang='lat' dir='ltr'>ot</span> <span class='ocrx_word' id='word_1_266' title='bbox 1480 2085 1507 2137; x_wconf 90' lang='grc' dir='ltr'>τί</span> <span class='ocrx_word' id='word_1_267' title='bbox 1527 2101 1573 2137; x_wconf 87' lang='grc' dir='ltr'>πω</span> <span class='ocrx_word' id='word_1_268' title='bbox 1597 2087 1686 2149; x_wconf 88' lang='grc' dir='ltr'>θέλω,</span> <span class='ocrx_word' id='word_1_269' title='bbox 1709 2081 1754 2136; x_wconf 89' lang='lat' dir='ltr'>bic</span> <span class='ocrx_word' id='word_1_270' title='bbox 1772 2083 1941 2138; x_wconf 89' lang='lat' dir='ltr'>contrarium</span> <span class='ocrx_word' id='word_1_271' title='bbox 1959 2083 1996 2136; x_wconf 88' lang='lat' dir='ltr'>di·</span> 
     </span>
     <span class='ocr_line' id='line_1_20' title="bbox 302 2166 1995 2237; baseline 0.001 -16"><span class='ocrx_word' id='word_1_272' title='bbox 302 2167 409 2236; x_wconf 86' lang='lat' dir='ltr'>grapho</span> <span class='ocrx_word' id='word_1_273' title='bbox 432 2167 504 2220; x_wconf 82' lang='lat' dir='ltr'>Flor.</span> <span class='ocrx_word' id='word_1_274' title='bbox 526 2170 542 2220; x_wconf 87' lang='grc' dir='ltr'>Γ</span> <span class='ocrx_word' id='word_1_275' title='bbox 564 2168 593 2221; x_wconf 93' lang='lat' dir='ltr'>et</span> <span class='ocrx_word' id='word_1_276' title='bbox 615 2167 689 2236; x_wconf 92' lang='lat' dir='ltr'>apud</span> <span class='ocrx_word' id='word_1_277' title='bbox 711 2167 847 2220; x_wconf 87' lang='lat' dir='ltr'>Zonaram</span> <span class='ocrx_word' id='word_1_278' title='bbox 869 2166 922 2220; x_wconf 85' lang='lat' dir='ltr'>vol.</span> <span class='ocrx_word' id='word_1_279' title='bbox 946 2173 970 2220; x_wconf 79' lang='lat'>2.</span> <span class='ocrx_word' id='word_1_280' title='bbox 994 2184 1021 2236; x_wconf 93' lang='lat' dir='ltr'>p.</span> <span class='ocrx_word' id='word_1_281' title='bbox 1042 2170 1132 2235; x_wconf 82' lang='grc'><strong>1448.)</strong></span> <span class='ocrx_word' id='word_1_282' title='bbox 1162 2185 1231 2235; x_wconf 89' lang='lat' dir='ltr'>cere,</span> <span class='ocrx_word' id='word_1_283' title='bbox 1251 2184 1335 2234; x_wconf 90' lang='lat' dir='ltr'>quum</span> <span class='ocrx_word' id='word_1_284' title='bbox 1352 2169 1552 2223; x_wconf 87' lang='lat' dir='ltr'>sententiarum</span> <span class='ocrx_word' id='word_1_285' title='bbox 1570 2169 1638 2223; x_wconf 91' lang='lat' dir='ltr'>ordo</span> <span class='ocrx_word' id='word_1_286' title='bbox 1650 2168 1772 2237; x_wconf 89' lang='lat' dir='ltr'>postulet</span> <span class='ocrx_word' id='word_1_287' title='bbox 1789 2170 1822 2222; x_wconf 91' lang='lat' dir='ltr'>ut</span> <span class='ocrx_word' id='word_1_288' title='bbox 1833 2169 1887 2224; x_wconf 93' lang='lat' dir='ltr'>hoc</span> <span class='ocrx_word' id='word_1_289' title='bbox 1903 2167 1995 2237; x_wconf 88' lang='lat' dir='ltr'>potius</span> 
     </span>
     <span class='ocr_line' id='line_1_21' title="bbox 301 2237 1996 2322; baseline 0.003 -16"><span class='ocrx_word' id='word_1_290' title='bbox 301 2252 337 2306; x_wconf 91' lang='lat' dir='ltr'>ab</span> <span class='ocrx_word' id='word_1_291' title='bbox 360 2252 421 2306; x_wconf 89' lang='lat' dir='ltr'>aliis</span> <span class='ocrx_word' id='word_1_292' title='bbox 443 2252 551 2318; x_wconf 85' lang='lat' dir='ltr'>addita,</span> <span class='ocrx_word' id='word_1_293' title='bbox 570 2253 605 2306; x_wconf 87' lang='lat' dir='ltr'>ab</span> <span class='ocrx_word' id='word_1_294' title='bbox 625 2250 685 2305; x_wconf 90' lang='lat' dir='ltr'>aliis</span> <span class='ocrx_word' id='word_1_295' title='bbox 703 2237 817 2316; x_wconf 76' lang='lat' dir='ltr'>omis&#39;sa,</span> <span class='ocrx_word' id='word_1_296' title='bbox 839 2269 895 2306; x_wconf 93' lang='lat' dir='ltr'>non</span> <span class='ocrx_word' id='word_1_297' title='bbox 912 2251 1132 2306; x_wconf 87' lang='lat' dir='ltr'>animadverteu·</span> <span class='ocrx_word' id='word_1_298' title='bbox 1161 2254 1282 2320; x_wconf 87' lang='lat' dir='ltr'>dicatur,</span> <span class='ocrx_word' id='word_1_299' title='bbox 1305 2254 1379 2308; x_wconf 91' lang='lat' dir='ltr'>nolle</span> <span class='ocrx_word' id='word_1_300' title='bbox 1400 2270 1430 2307; x_wconf 88' lang='lat' dir='ltr'>se</span> <span class='ocrx_word' id='word_1_301' title='bbox 1447 2254 1556 2308; x_wconf 88' lang='lat' dir='ltr'>Ulixem</span> <span class='ocrx_word' id='word_1_302' title='bbox 1577 2252 1648 2307; x_wconf 88' lang='lat' dir='ltr'>mori</span> <span class='ocrx_word' id='word_1_303' title='bbox 1669 2253 1831 2322; x_wconf 87' lang='lat' dir='ltr'>priusquam</span> <span class='ocrx_word' id='word_1_304' title='bbox 1852 2253 1996 2311; x_wconf 76' lang='lat' dir='ltr'>illesione</span> 
     </span>
     <span class='ocr_line' id='line_1_22' title="bbox 300 2336 1996 2408; baseline 0.001 -19"><span class='ocrx_word' id='word_1_305' title='bbox 300 2337 375 2390; x_wconf 91' lang='lat' dir='ltr'>tibus</span> <span class='ocrx_word' id='word_1_306' title='bbox 393 2337 513 2391; x_wconf 88' lang='lat' dir='ltr'>alienum</span> <span class='ocrx_word' id='word_1_307' title='bbox 531 2338 566 2391; x_wconf 90' lang='lat' dir='ltr'>ab</span> <span class='ocrx_word' id='word_1_308' title='bbox 584 2337 714 2390; x_wconf 90' lang='lat' dir='ltr'>hocloco</span> <span class='ocrx_word' id='word_1_309' title='bbox 733 2353 791 2391; x_wconf 91' lang='lat' dir='ltr'>esse</span> <span class='ocrx_word' id='word_1_310' title='bbox 809 2339 911 2402; x_wconf 81' lang='grc' dir='ltr'>ἔγωγε,</span> <span class='ocrx_word' id='word_1_311' title='bbox 931 2353 985 2404; x_wconf 91' lang='lat' dir='ltr'>quo</span> <span class='ocrx_word' id='word_1_312' title='bbox 1003 2336 1026 2388; x_wconf 89' lang='lat' dir='ltr'>si</span> <span class='ocrx_word' id='word_1_313' title='bbox 1043 2339 1132 2390; x_wconf 87' lang='lat' dir='ltr'>utere-</span> <span class='ocrx_word' id='word_1_314' title='bbox 1165 2337 1280 2393; x_wconf 74' lang='lat' dir='ltr'>senserit</span> <span class='ocrx_word' id='word_1_315' title='bbox 1297 2341 1468 2408; x_wconf 76' lang='lat' dir='ltr'>quantopere</span> <span class='ocrx_word' id='word_1_316' title='bbox 1489 2338 1603 2394; x_wconf 86' lang='lat' dir='ltr'>inferior</span> <span class='ocrx_word' id='word_1_317' title='bbox 1621 2341 1694 2393; x_wconf 88' lang='lat' dir='ltr'>esset</span> <span class='ocrx_word' id='word_1_318' title='bbox 1711 2339 1808 2404; x_wconf 88' lang='lat' dir='ltr'>Aiace,</span> <span class='ocrx_word' id='word_1_319' title='bbox 1832 2339 1912 2406; x_wconf 85' lang='lat' dir='ltr'>quale</span> <span class='ocrx_word' id='word_1_320' title='bbox 1931 2338 1996 2407; x_wconf 90' lang='lat' dir='ltr'>quid</span> 
     </span>
     <span class='ocr_line' id='line_1_23' title="bbox 300 2420 1996 2492; baseline 0.001 -18"><span class='ocrx_word' id='word_1_321' title='bbox 300 2423 347 2475; x_wconf 89' lang='lat' dir='ltr'>tur</span> <span class='ocrx_word' id='word_1_322' title='bbox 358 2422 490 2488; x_wconf 86' lang='lat' dir='ltr'>Minerva,</span> <span class='ocrx_word' id='word_1_323' title='bbox 508 2423 544 2476; x_wconf 87' lang='lat' dir='ltr'>ad</span> <span class='ocrx_word' id='word_1_324' title='bbox 557 2422 708 2476; x_wconf 89' lang='lat' dir='ltr'>convicium</span> <span class='ocrx_word' id='word_1_325' title='bbox 720 2422 756 2476; x_wconf 91' lang='lat' dir='ltr'>ab</span> <span class='ocrx_word' id='word_1_326' title='bbox 768 2421 852 2476; x_wconf 89' lang='lat' dir='ltr'>Aiace</span> <span class='ocrx_word' id='word_1_327' title='bbox 863 2421 894 2476; x_wconf 89' lang='lat' dir='ltr'>in</span> <span class='ocrx_word' id='word_1_328' title='bbox 904 2421 1012 2476; x_wconf 85' lang='lat' dir='ltr'>Ulixem</span> <span class='ocrx_word' id='word_1_329' title='bbox 1029 2420 1131 2474; x_wconf 89' lang='lat' dir='ltr'>iactum</span> <span class='ocrx_word' id='word_1_330' title='bbox 1165 2423 1194 2476; x_wconf 90' lang='lat' dir='ltr'>in</span> <span class='ocrx_word' id='word_1_331' title='bbox 1210 2424 1272 2477; x_wconf 89' lang='lat' dir='ltr'>loeo</span> <span class='ocrx_word' id='word_1_332' title='bbox 1289 2423 1371 2476; x_wconf 87' lang='lat' dir='ltr'>simili</span> <span class='ocrx_word' id='word_1_333' title='bbox 1389 2423 1481 2492; x_wconf 86' lang='lat' dir='ltr'>Antig.</span> <span class='ocrx_word' id='word_1_334' title='bbox 1501 2429 1557 2478; x_wconf 78' lang='grc'><strong>301.</strong></span> <span class='ocrx_word' id='word_1_335' title='bbox 1578 2424 1667 2479; x_wconf 81' lang='lat' dir='ltr'>Creon</span> <span class='ocrx_word' id='word_1_336' title='bbox 1685 2423 1844 2478; x_wconf 87' lang='lat' dir='ltr'>custodibus</span> <span class='ocrx_word' id='word_1_337' title='bbox 1860 2440 1916 2476; x_wconf 90' lang='lat' dir='ltr'>non</span> <span class='ocrx_word' id='word_1_338' title='bbox 1935 2423 1996 2492; x_wconf 85' lang='lat' dir='ltr'>obe·</span> 
     </span>
     <span class='ocr_line' id='line_1_24' title="bbox 301 2507 1996 2578; baseline 0.001 -19"><span class='ocrx_word' id='word_1_339' title='bbox 301 2507 437 2576; x_wconf 88' lang='lat' dir='ltr'>respicere</span> <span class='ocrx_word' id='word_1_340' title='bbox 449 2507 601 2574; x_wconf 89' lang='lat' dir='ltr'>videretur,</span> <span class='ocrx_word' id='word_1_341' title='bbox 618 2507 692 2576; x_wconf 91' lang='lat' dir='ltr'>quod</span> <span class='ocrx_word' id='word_1_342' title='bbox 703 2524 839 2578; x_wconf 89' lang='lat' dir='ltr'>personae</span> <span class='ocrx_word' id='word_1_343' title='bbox 856 2507 913 2562; x_wconf 91' lang='lat' dir='ltr'>eius</span> <span class='ocrx_word' id='word_1_344' title='bbox 924 2521 1023 2576; x_wconf 89' lang='lat' dir='ltr'>parum</span> <span class='ocrx_word' id='word_1_345' title='bbox 1036 2523 1131 2560; x_wconf 92' lang='lat' dir='ltr'>conve·</span> <span class='ocrx_word' id='word_1_346' title='bbox 1166 2507 1305 2562; x_wconf 72' lang='lat' dir='ltr'>clientibus</span> <span class='ocrx_word' id='word_1_347' title='bbox 1331 2509 1452 2562; x_wconf 87' lang='lat' dir='ltr'>minatur</span> <span class='ocrx_word' id='word_1_348' title='bbox 1478 2508 1573 2563; x_wconf 88' lang='lat' dir='ltr'>addito</span> <span class='ocrx_word' id='word_1_349' title='bbox 1601 2510 1685 2564; x_wconf 89' lang='lat' dir='ltr'>verbo</span> <span class='ocrx_word' id='word_1_350' title='bbox 1711 2513 1829 2574; x_wconf 84' lang='grc' dir='ltr'>Ζῶντες,</span> <span class='ocrx_word' id='word_1_351' title='bbox 1859 2510 1912 2574; x_wconf 86' lang='grc' dir='ltr'>οὐχ</span> <span class='ocrx_word' id='word_1_352' title='bbox 1934 2511 1996 2573; x_wconf 86' lang='grc' dir='ltr'>ὑμίν</span> 
     </span>
     <span class='ocr_line' id='line_1_25' title="bbox 301 2581 1995 2663; baseline 0 -18"><span class='ocrx_word' id='word_1_353' title='bbox 301 2592 349 2646; x_wconf 92' lang='lat' dir='ltr'>uit.</span> <span class='ocrx_word' id='word_1_354' title='bbox 375 2593 415 2645; x_wconf 83' lang='lat' dir='ltr'>Ex</span> <span class='ocrx_word' id='word_1_355' title='bbox 428 2609 482 2660; x_wconf 93' lang='lat' dir='ltr'>quo</span> <span class='ocrx_word' id='word_1_356' title='bbox 495 2593 620 2661; x_wconf 89' lang='lat' dir='ltr'>sequitur</span> <span class='ocrx_word' id='word_1_357' title='bbox 637 2593 755 2662; x_wconf 89' lang='lat' dir='ltr'>simplici</span> <span class='ocrx_word' id='word_1_358' title='bbox 763 2583 858 2663; x_wconf 74' lang='lat' dir='ltr'>potius</span> <span class='ocrx_word' id='word_1_359' title='bbox 877 2595 943 2658; x_wconf 89' lang='grc' dir='ltr'>ἐγώ,</span> <span class='ocrx_word' id='word_1_360' title='bbox 962 2581 1037 2646; x_wconf 85' lang='lat' dir='ltr'>nullo</span> <span class='ocrx_word' id='word_1_361' title='bbox 1047 2591 1130 2661; x_wconf 88' lang='lat' dir='ltr'>plane</span> <span class='ocrx_word' id='word_1_362' title='bbox 1166 2595 1260 2662; x_wconf 80' lang='grc' dir='ltr'>Ἅιδης</span> <span class='ocrx_word' id='word_1_363' title='bbox 1283 2599 1385 2660; x_wconf 83' lang='grc' dir='ltr'>μοῦνος</span> <span class='ocrx_word' id='word_1_364' title='bbox 1406 2595 1528 2661; x_wconf 80' lang='grc' dir='ltr'>ἀρκέσει,</span> <span class='ocrx_word' id='word_1_365' title='bbox 1547 2597 1613 2660; x_wconf 84' lang='grc' dir='ltr'>πρίν</span> <span class='ocrx_word' id='word_1_366' title='bbox 1631 2596 1666 2647; x_wconf 86' lang='grc' dir='ltr'>ἂν</span> <span class='ocrx_word' id='word_1_367' title='bbox 1693 2597 1696 2662; x_wconf 79' lang='grc' dir='ltr'>ί</span> <span class='ocrx_word' id='word_1_368' title='bbox 1723 2597 1826 2658; x_wconf 82' lang='grc' dir='ltr'>Ζωντες</span> <span class='ocrx_word' id='word_1_369' title='bbox 1845 2597 1995 2659; x_wconf 84' lang='grc' dir='ltr'>κρεμαστοὶ</span> 
     </span>
     <span class='ocr_line' id='line_1_26' title="bbox 302 2676 1996 2746; baseline 0 -16"><span class='ocrx_word' id='word_1_370' title='bbox 302 2677 417 2731; x_wconf 81' lang='grc' dir='ltr'>οοιινίοιι</span> <span class='ocrx_word' id='word_1_371' title='bbox 434 2677 505 2733; x_wconf 89' lang='lat' dir='ltr'>illius</span> <span class='ocrx_word' id='word_1_372' title='bbox 523 2678 631 2732; x_wconf 87' lang='lat' dir='ltr'>ratione</span> <span class='ocrx_word' id='word_1_373' title='bbox 648 2677 759 2745; x_wconf 86' lang='lat' dir='ltr'>habita,</span> <span class='ocrx_word' id='word_1_374' title='bbox 777 2679 910 2732; x_wconf 89' lang='lat' dir='ltr'>utendum</span> <span class='ocrx_word' id='word_1_375' title='bbox 928 2677 1025 2741; x_wconf 81' lang='lat' dir='ltr'>fuisse,</span> <span class='ocrx_word' id='word_1_376' title='bbox 1043 2676 1137 2730; x_wconf 88' lang='lat' dir='ltr'>verbis</span> <span class='ocrx_word' id='word_1_377' title='bbox 1164 2680 1251 2744; x_wconf 86' lang='grc' dir='ltr'>τήνδε</span> <span class='ocrx_word' id='word_1_378' title='bbox 1277 2681 1424 2746; x_wconf 82' lang='grc' dir='ltr'>δηλώσηθ’</span> <span class='ocrx_word' id='word_1_379' title='bbox 1446 2682 1530 2746; x_wconf 78' lang='grc' dir='ltr'>ὕβριν.</span> <span class='ocrx_word' id='word_1_380' title='bbox 1575 2678 1645 2732; x_wconf 84' lang='lat' dir='ltr'>Huic</span> <span class='ocrx_word' id='word_1_381' title='bbox 1669 2678 1756 2746; x_wconf 79' lang='lat' dir='ltr'>igitur</span> <span class='ocrx_word' id='word_1_382' title='bbox 1778 2677 1932 2732; x_wconf 80' lang='lat' dir='ltr'>sententiae</span> <span class='ocrx_word' id='word_1_383' title='bbox 1954 2693 1996 2731; x_wconf 86' lang='lat' dir='ltr'>ex-</span> 
     </span>
     <span class='ocr_line' id='line_1_27' title="bbox 301 2761 1997 2833; baseline -0.001 -17"><span class='ocrx_word' id='word_1_384' title='bbox 301 2763 339 2816; x_wconf 92' lang='lat' dir='ltr'>sic</span> <span class='ocrx_word' id='word_1_385' title='bbox 358 2763 467 2833; x_wconf 89' lang='lat' dir='ltr'>scriptis</span> <span class='ocrx_word' id='word_1_386' title='bbox 486 2765 514 2817; x_wconf 93' lang='lat' dir='ltr'>et</span> <span class='ocrx_word' id='word_1_387' title='bbox 530 2763 627 2818; x_wconf 87' lang='lat' dir='ltr'>melius</span> <span class='ocrx_word' id='word_1_388' title='bbox 645 2763 797 2830; x_wconf 90' lang='lat' dir='ltr'>collocatis,</span> <span class='ocrx_word' id='word_1_389' title='bbox 815 2765 847 2817; x_wconf 90' lang='lat' dir='ltr'>ut</span> <span class='ocrx_word' id='word_1_390' title='bbox 865 2779 916 2832; x_wconf 80' lang='lat' dir='ltr'>ego</span> <span class='ocrx_word' id='word_1_391' title='bbox 934 2779 1007 2816; x_wconf 91' lang='lat' dir='ltr'>nunc</span> <span class='ocrx_word' id='word_1_392' title='bbox 1024 2761 1111 2828; x_wconf 91' lang='lat' dir='ltr'>edidi,</span> <span class='ocrx_word' id='word_1_393' title='bbox 1165 2762 1326 2831; x_wconf 84' lang='lat' dir='ltr'>primeudae</span> <span class='ocrx_word' id='word_1_394' title='bbox 1345 2781 1428 2830; x_wconf 90' lang='lat' dir='ltr'>quum</span> <span class='ocrx_word' id='word_1_395' title='bbox 1439 2763 1543 2817; x_wconf 87' lang='lat' dir='ltr'>nullum</span> <span class='ocrx_word' id='word_1_396' title='bbox 1562 2764 1653 2833; x_wconf 88' lang='lat' dir='ltr'>aptius</span> <span class='ocrx_word' id='word_1_397' title='bbox 1669 2762 1785 2818; x_wconf 87' lang='lat' dir='ltr'>inveniri</span> <span class='ocrx_word' id='word_1_398' title='bbox 1802 2762 1919 2818; x_wconf 85' lang='lat' dir='ltr'>verbum</span> <span class='ocrx_word' id='word_1_399' title='bbox 1935 2778 1997 2831; x_wconf 89' lang='lat' dir='ltr'>pos·</span> 
     </span>
     <span class='ocr_line' id='line_1_28' title="bbox 386 2845 1995 2918; baseline -0.002 -14"><span class='ocrx_word' id='word_1_400' title='bbox 386 2851 522 2905; x_wconf 82' lang='grc' dir='ltr'>Ὀδυσσέα</span> <span class='ocrx_word' id='word_1_401' title='bbox 541 2851 590 2915; x_wconf 79' lang='grc' dir='ltr'>’γὼ</span> <span class='ocrx_word' id='word_1_402' title='bbox 608 2852 660 2903; x_wconf 90' lang='grc' dir='ltr'>τὸν</span> <span class='ocrx_word' id='word_1_403' title='bbox 678 2852 731 2903; x_wconf 86' lang='grc' dir='ltr'>σδν</span> <span class='ocrx_word' id='word_1_404' title='bbox 748 2849 887 2915; x_wconf 89' lang='grc' dir='ltr'>ἐνστάτην</span> <span class='ocrx_word' id='word_1_405' title='bbox 906 2849 989 2913; x_wconf 87' lang='grc' dir='ltr'>λέγω.</span> <span class='ocrx_word' id='word_1_406' title='bbox 1159 2847 1195 2901; x_wconf 89' lang='lat' dir='ltr'>sit</span> <span class='ocrx_word' id='word_1_407' title='bbox 1221 2864 1305 2915; x_wconf 86' lang='lat' dir='ltr'>quarn</span> <span class='ocrx_word' id='word_1_408' title='bbox 1331 2851 1417 2918; x_wconf 81' lang='grc' dir='ltr'>δαμῇ,</span> <span class='ocrx_word' id='word_1_409' title='bbox 1447 2849 1500 2903; x_wconf 93' lang='lat' dir='ltr'>hoc</span> <span class='ocrx_word' id='word_1_410' title='bbox 1523 2848 1644 2914; x_wconf 87' lang='lat' dir='ltr'>restitui,</span> <span class='ocrx_word' id='word_1_411' title='bbox 1673 2847 1835 2917; x_wconf 80' lang='lat' dir='ltr'>posthabite</span> <span class='ocrx_word' id='word_1_412' title='bbox 1862 2845 1995 2900; x_wconf 85' lang='lat' dir='ltr'>debiliore</span> 
     </span>
     <span class='ocr_line' id='line_1_29' title="bbox 301 2931 1995 3004; baseline -0.002 -16"><span class='ocrx_word' id='word_1_413' title='bbox 301 2933 385 3004; x_wconf 86' lang='lat' dir='ltr'>Origo</span> <span class='ocrx_word' id='word_1_414' title='bbox 416 2933 588 3003; x_wconf 77' lang='lat' dir='ltr'>corruptelae</span> <span class='ocrx_word' id='word_1_415' title='bbox 618 2934 653 2988; x_wconf 91' lang='lat' dir='ltr'>ab</span> <span class='ocrx_word' id='word_1_416' title='bbox 684 2933 845 3003; x_wconf 74' lang='lat' dir='ltr'>antiquioris</span> <span class='ocrx_word' id='word_1_417' title='bbox 875 2931 975 2986; x_wconf 88' lang='lat' dir='ltr'>codicis</span> <span class='ocrx_word' id='word_1_418' title='bbox 998 2932 1135 3002; x_wconf 89' lang='lat' dir='ltr'>scriptura</span> <span class='ocrx_word' id='word_1_419' title='bbox 1158 2932 1252 2986; x_wconf 89' lang='lat' dir='ltr'>Bothii</span> <span class='ocrx_word' id='word_1_420' title='bbox 1269 2931 1429 2987; x_wconf 90' lang='lat' dir='ltr'>coniectura</span> <span class='ocrx_word' id='word_1_421' title='bbox 1446 2941 1532 3004; x_wconf 79' lang='grc' dir='ltr'>φανῇ.</span> <span class='ocrx_word' id='word_1_422' title='bbox 1565 2934 1643 2987; x_wconf 90' lang='lat' dir='ltr'>Idem</span> <span class='ocrx_word' id='word_1_423' title='bbox 1660 2933 1775 2987; x_wconf 89' lang='lat' dir='ltr'>verbum</span> <span class='ocrx_word' id='word_1_424' title='bbox 1792 2932 1822 2986; x_wconf 91' lang='lat' dir='ltr'>in</span> <span class='ocrx_word' id='word_1_425' title='bbox 1839 2931 1995 3000; x_wconf 81' lang='lat' dir='ltr'>Antigonae</span> 
     </span>
     <span class='ocr_line' id='line_1_30' title="bbox 303 3017 1697 3087; baseline -0.001 -13"><span class='ocrx_word' id='word_1_426' title='bbox 303 3021 434 3075; x_wconf 78' lang='lat' dir='ltr'>’Obuoot’</span> <span class='ocrx_word' id='word_1_427' title='bbox 455 3021 510 3084; x_wconf 86' lang='grc' dir='ltr'>ἐγὼ</span> <span class='ocrx_word' id='word_1_428' title='bbox 539 3017 692 3087; x_wconf 88' lang='lat' dir='ltr'>repetenda</span> <span class='ocrx_word' id='word_1_429' title='bbox 713 3019 830 3074; x_wconf 87' lang='lat' dir='ltr'>videtur.</span> <span class='ocrx_word' id='word_1_430' title='bbox 869 3019 941 3072; x_wconf 86' lang='lat' dir='ltr'>Nam</span> <span class='ocrx_word' id='word_1_431' title='bbox 965 3019 1134 3073; x_wconf 80' lang='lat' dir='ltr'>accusativos</span> <span class='ocrx_word' id='word_1_432' title='bbox 1160 3036 1183 3071; x_wconf 92' lang='grc' dir='ltr'>ν.</span> <span class='ocrx_word' id='word_1_433' title='bbox 1202 3021 1260 3071; x_wconf 84' lang='grc'><strong>648.</strong></span> <span class='ocrx_word' id='word_1_434' title='bbox 1280 3018 1367 3072; x_wconf 89' lang='lat' dir='ltr'>latere</span> <span class='ocrx_word' id='word_1_435' title='bbox 1385 3018 1474 3073; x_wconf 82' lang='lat' dir='ltr'>rideri</span> <span class='ocrx_word' id='word_1_436' title='bbox 1491 3019 1566 3073; x_wconf 88' lang='lat' dir='ltr'>inira</span> <span class='ocrx_word' id='word_1_437' title='bbox 1583 3017 1697 3073; x_wconf 88' lang='lat' dir='ltr'>dicetur.</span> 
     </span>
     <span class='ocr_line' id='line_1_31' title="bbox 301 3100 1995 3174; baseline -0.002 -16"><span class='ocrx_word' id='word_1_438' title='bbox 301 3104 442 3159; x_wconf 89' lang='lat' dir='ltr'>nominum</span> <span class='ocrx_word' id='word_1_439' title='bbox 463 3105 491 3157; x_wconf 94' lang='lat' dir='ltr'>in</span> <span class='ocrx_word' id='word_1_440' title='bbox 521 3121 566 3168; x_wconf 90' lang='grc' dir='ltr'>ευς</span> <span class='ocrx_word' id='word_1_441' title='bbox 592 3103 751 3158; x_wconf 84' lang='lat' dir='ltr'>exeuntium</span> <span class='ocrx_word' id='word_1_442' title='bbox 777 3105 852 3174; x_wconf 91' lang='lat' dir='ltr'>apud</span> <span class='ocrx_word' id='word_1_443' title='bbox 873 3105 979 3158; x_wconf 86' lang='lat' dir='ltr'>Atticos</span> <span class='ocrx_word' id='word_1_444' title='bbox 1007 3121 1025 3158; x_wconf 93' lang='grc' dir='ltr'>α</span> <span class='ocrx_word' id='word_1_445' title='bbox 1050 3104 1134 3172; x_wconf 88' lang='lat' dir='ltr'>longo</span> <span class='ocrx_word' id='word_1_446' title='bbox 1227 3102 1361 3157; x_wconf 82' lang='lat' dir='ltr'>Carminis</span> <span class='ocrx_word' id='word_1_447' title='bbox 1385 3104 1493 3174; x_wconf 90' lang='lat' dir='ltr'>epodici</span> <span class='ocrx_word' id='word_1_448' title='bbox 1515 3121 1611 3158; x_wconf 84' lang='lat' dir='ltr'>versus</span> <span class='ocrx_word' id='word_1_449' title='bbox 1635 3103 1768 3172; x_wconf 89' lang='lat' dir='ltr'>quattuor</span> <span class='ocrx_word' id='word_1_450' title='bbox 1790 3100 1925 3172; x_wconf 86' lang='lat' dir='ltr'>postremi</span> <span class='ocrx_word' id='word_1_451' title='bbox 1950 3107 1995 3155; x_wconf 82' lang='lat' dir='ltr'>lae</span> 
     </span>
     <span class='ocr_line' id='line_1_32' title="bbox 299 3181 1995 3258; baseline -0.003 -16"><span class='ocrx_word' id='word_1_452' title='bbox 299 3187 442 3243; x_wconf 88' lang='lat' dir='ltr'>terminari</span> <span class='ocrx_word' id='word_1_453' title='bbox 454 3187 536 3243; x_wconf 90' lang='lat' dir='ltr'>hodie</span> <span class='ocrx_word' id='word_1_454' title='bbox 550 3188 662 3256; x_wconf 89' lang='lat' dir='ltr'>quidem</span> <span class='ocrx_word' id='word_1_455' title='bbox 673 3189 777 3244; x_wconf 89' lang='lat' dir='ltr'>nemini</span> <span class='ocrx_word' id='word_1_456' title='bbox 789 3189 917 3258; x_wconf 86' lang='lat' dir='ltr'>ignotum</span> <span class='ocrx_word' id='word_1_457' title='bbox 929 3191 979 3256; x_wconf 90' lang='lat' dir='ltr'>est,</span> <span class='ocrx_word' id='word_1_458' title='bbox 998 3181 1134 3258; x_wconf 72' lang='lat' dir='ltr'>sedigno!</span> <span class='ocrx_word' id='word_1_459' title='bbox 1162 3195 1259 3254; x_wconf 74' lang='lat'>-200,</span> <span class='ocrx_word' id='word_1_460' title='bbox 1278 3205 1347 3256; x_wconf 90' lang='lat' dir='ltr'>quos</span> <span class='ocrx_word' id='word_1_461' title='bbox 1366 3189 1527 3243; x_wconf 85' lang='lat' dir='ltr'>emendatos</span> <span class='ocrx_word' id='word_1_462' title='bbox 1545 3188 1665 3255; x_wconf 72' lang='lat' dir='ltr'>exhibui,</span> <span class='ocrx_word' id='word_1_463' title='bbox 1682 3188 1712 3241; x_wconf 91' lang='lat' dir='ltr'>in</span> <span class='ocrx_word' id='word_1_464' title='bbox 1732 3187 1825 3242; x_wconf 86' lang='lat' dir='ltr'>codice</span> <span class='ocrx_word' id='word_1_465' title='bbox 1844 3187 1883 3240; x_wconf 92' lang='lat' dir='ltr'>sic</span> <span class='ocrx_word' id='word_1_466' title='bbox 1901 3184 1995 3254; x_wconf 87' lang='lat' dir='ltr'>scripti</span> 
     </span>
    </p>
   </div>
   <div class='ocr_carea' id='block_1_3' title="bbox 204 3272 1372 3344">
    <p class='ocr_par' dir='ltr' id='par_1_3' title="bbox 204 3272 1372 3344">
     <span class='ocr_line' id='line_1_33' title="bbox 204 3272 1372 3344; baseline 0 -17"><span class='ocrx_word' id='word_1_467' title='bbox 204 3304 206 3316; x_wconf 82' lang='lat'><em>=</em></span> <span class='ocrx_word' id='word_1_468' title='bbox 299 3275 358 3328; x_wconf 89' lang='lat' dir='ltr'>turn</span> <span class='ocrx_word' id='word_1_469' title='bbox 381 3275 432 3328; x_wconf 85' lang='lat' dir='ltr'>fuit</span> <span class='ocrx_word' id='word_1_470' title='bbox 449 3273 569 3328; x_wconf 89' lang='lat' dir='ltr'>librariis</span> <span class='ocrx_word' id='word_1_471' title='bbox 591 3273 730 3344; x_wconf 90' lang='lat' dir='ltr'>plurimis,</span> <span class='ocrx_word' id='word_1_472' title='bbox 749 3274 796 3342; x_wconf 90' lang='lat' dir='ltr'>qui</span> <span class='ocrx_word' id='word_1_473' title='bbox 813 3275 974 3344; x_wconf 89' lang='lat' dir='ltr'>plerumque</span> <span class='ocrx_word' id='word_1_474' title='bbox 992 3274 1036 3327; x_wconf 88' lang='lat' dir='ltr'>vel</span> <span class='ocrx_word' id='word_1_475' title='bbox 1054 3292 1071 3328; x_wconf 92' lang='grc' dir='ltr'>α</span> <span class='ocrx_word' id='word_1_476' title='bbox 1089 3272 1134 3328; x_wconf 91' lang='lat' dir='ltr'>eli-</span> <span class='ocrx_word' id='word_1_477' title='bbox 1161 3274 1190 3326; x_wconf 88' lang='lat' dir='ltr'>ct</span> <span class='ocrx_word' id='word_1_478' title='bbox 1208 3273 1289 3326; x_wconf 87' lang='lat' dir='ltr'>divisi</span> <span class='ocrx_word' id='word_1_479' title='bbox 1307 3274 1372 3327; x_wconf 89' lang='lat' dir='ltr'>sunt</span> 
     </span>
    </p>
   </div>
   <div class='ocr_carea' id='block_1_4' title="bbox 296 3358 2015 5724">
    <p class='ocr_par' dir='ltr' id='par_1_4' title="bbox 299 3358 1941 3684">
     <span class='ocr_line' id='line_1_34' title="bbox 300 3358 1941 3428; baseline -0.003 -15"><span class='ocrx_word' id='word_1_480' title='bbox 300 3361 395 3413; x_wconf 85' lang='lat' dir='ltr'>serunt</span> <span class='ocrx_word' id='word_1_481' title='bbox 416 3360 461 3413; x_wconf 89' lang='lat' dir='ltr'>vel</span> <span class='ocrx_word' id='word_1_482' title='bbox 483 3359 564 3412; x_wconf 85' lang='lat' dir='ltr'>metri</span> <span class='ocrx_word' id='word_1_483' title='bbox 586 3359 661 3428; x_wconf 92' lang='lat' dir='ltr'>quod</span> <span class='ocrx_word' id='word_1_484' title='bbox 683 3358 829 3413; x_wconf 88' lang='lat' dir='ltr'>videbatur</span> <span class='ocrx_word' id='word_1_485' title='bbox 852 3359 949 3414; x_wconf 85' lang='lat' dir='ltr'>vitium</span> <span class='ocrx_word' id='word_1_486' title='bbox 975 3358 1080 3412; x_wconf 88' lang='lat' dir='ltr'>inserta</span> <span class='ocrx_word' id='word_1_487' title='bbox 1102 3376 1134 3423; x_wconf 90' lang='grc' dir='ltr'>γε</span> <span class='ocrx_word' id='word_1_488' title='bbox 1211 3361 1319 3427; x_wconf 82' lang='grc' dir='ltr'>ἐχθρῶν</span> <span class='ocrx_word' id='word_1_489' title='bbox 1338 3361 1366 3412; x_wconf 83' lang='grc' dir='ltr'>δ’</span> <span class='ocrx_word' id='word_1_490' title='bbox 1384 3361 1460 3424; x_wconf 81' lang='grc' dir='ltr'>ὕβρις</span> <span class='ocrx_word' id='word_1_491' title='bbox 1479 3360 1533 3411; x_wconf 78' lang='grc' dir='ltr'>ὧδ’</span> <span class='ocrx_word' id='word_1_492' title='bbox 1552 3361 1695 3428; x_wconf 89' lang='grc' dir='ltr'>ἀτάρβητα</span> <span class='ocrx_word' id='word_1_493' title='bbox 1714 3359 1868 3426; x_wconf 84' lang='grc' dir='ltr'>(άταρβῆτα</span> <span class='ocrx_word' id='word_1_494' title='bbox 1886 3359 1941 3424; x_wconf 80' lang='lat' dir='ltr'>pr.)</span> 
     </span>
     <span class='ocr_line' id='line_1_35' title="bbox 299 3441 1660 3514; baseline -0.001 -15"><span class='ocrx_word' id='word_1_495' title='bbox 299 3443 436 3514; x_wconf 89' lang='lat' dir='ltr'>particula</span> <span class='ocrx_word' id='word_1_496' title='bbox 458 3445 648 3511; x_wconf 87' lang='lat' dir='ltr'>correxerunt,</span> <span class='ocrx_word' id='word_1_497' title='bbox 675 3443 801 3497; x_wconf 91' lang='lat' dir='ltr'>velutin</span> <span class='ocrx_word' id='word_1_498' title='bbox 823 3445 876 3498; x_wconf 91' lang='lat' dir='ltr'>hoc</span> <span class='ocrx_word' id='word_1_499' title='bbox 897 3445 957 3513; x_wconf 89' lang='lat' dir='ltr'>ipso</span> <span class='ocrx_word' id='word_1_500' title='bbox 978 3441 1066 3497; x_wconf 81' lang='lat' dir='ltr'>Ulixis</span> <span class='ocrx_word' id='word_1_501' title='bbox 1088 3459 1134 3496; x_wconf 92' lang='lat' dir='ltr'>no·</span> <span class='ocrx_word' id='word_1_502' title='bbox 1212 3445 1316 3511; x_wconf 79' lang='grc' dir='ltr'>ὁρμᾶτ’</span> <span class='ocrx_word' id='word_1_503' title='bbox 1333 3445 1363 3497; x_wconf 92' lang='grc' dir='ltr'>ἐν</span> <span class='ocrx_word' id='word_1_504' title='bbox 1383 3445 1528 3509; x_wconf 81' lang='grc' dir='ltr'>εὐανὲμοις</span> <span class='ocrx_word' id='word_1_505' title='bbox 1546 3441 1660 3510; x_wconf 81' lang='grc' dir='ltr'>βάσσαις</span> 
     </span>
     <span class='ocr_line' id='line_1_36' title="bbox 299 3520 1706 3600; baseline -0.001 -16"><span class='ocrx_word' id='word_1_506' title='bbox 299 3530 372 3584; x_wconf 92' lang='lat' dir='ltr'>mine</span> <span class='ocrx_word' id='word_1_507' title='bbox 390 3529 464 3600; x_wconf 91' lang='lat' dir='ltr'>apud</span> <span class='ocrx_word' id='word_1_508' title='bbox 482 3529 697 3598; x_wconf 86' lang='lat' dir='ltr'>Aristophanem</span> <span class='ocrx_word' id='word_1_509' title='bbox 715 3528 797 3598; x_wconf 89' lang='lat' dir='ltr'>Vesp.</span> <span class='ocrx_word' id='word_1_510' title='bbox 818 3535 873 3582; x_wconf 83' lang='grc'><strong>181.</strong></span> <span class='ocrx_word' id='word_1_511' title='bbox 892 3529 940 3582; x_wconf 92' lang='lat' dir='ltr'>ubi</span> <span class='ocrx_word' id='word_1_512' title='bbox 959 3545 1053 3582; x_wconf 82' lang='lat' dir='ltr'>veram</span> <span class='ocrx_word' id='word_1_513' title='bbox 1071 3520 1148 3582; x_wconf 71' lang='lat' dir='ltr'>scri-³</span> <span class='ocrx_word' id='word_1_514' title='bbox 1212 3531 1331 3582; x_wconf 87' lang='grc' dir='ltr'>πάντων</span> <span class='ocrx_word' id='word_1_515' title='bbox 1350 3529 1548 3595; x_wconf 86' lang='grc' dir='ltr'>κογχαζάντων</span> <span class='ocrx_word' id='word_1_516' title='bbox 1565 3533 1706 3594; x_wconf 81' lang='grc' dir='ltr'>γλώσσαις</span> 
     </span>
     <span class='ocr_line' id='line_1_37' title="bbox 299 3612 1729 3684; baseline -0.001 -16"><span class='ocrx_word' id='word_1_517' title='bbox 299 3617 410 3684; x_wconf 89' lang='lat' dir='ltr'>pturam</span> <span class='ocrx_word' id='word_1_518' title='bbox 429 3616 575 3668; x_wconf 85' lang='lat' dir='ltr'>servarunt</span> <span class='ocrx_word' id='word_1_519' title='bbox 591 3613 656 3668; x_wconf 87' lang='lat' dir='ltr'>libri</span> <span class='ocrx_word' id='word_1_520' title='bbox 675 3614 727 3668; x_wconf 91' lang='lat' dir='ltr'>duo</span> <span class='ocrx_word' id='word_1_521' title='bbox 747 3612 844 3684; x_wconf 88' lang='lat' dir='ltr'>optimi</span> <span class='ocrx_word' id='word_1_522' title='bbox 1213 3615 1393 3682; x_wconf 87' lang='grc' dir='ltr'>βαρυάλγητ’,</span> <span class='ocrx_word' id='word_1_523' title='bbox 1413 3617 1473 3678; x_wconf 88' lang='grc' dir='ltr'>ἐμοί</span> <span class='ocrx_word' id='word_1_524' title='bbox 1491 3617 1520 3668; x_wconf 92' lang='grc' dir='ltr'>δ’</span> <span class='ocrx_word' id='word_1_525' title='bbox 1537 3616 1604 3681; x_wconf 81' lang='grc' dir='ltr'>ἄχος</span> <span class='ocrx_word' id='word_1_526' title='bbox 1621 3616 1729 3668; x_wconf 85' lang='grc' dir='ltr'>ἕστακε.</span> 
     </span>
    </p>

    <p class='ocr_par' dir='ltr' id='par_1_5' title="bbox 298 3698 1996 3856">
     <span class='ocr_line' id='line_1_38' title="bbox 384 3698 1996 3773; baseline -0.002 -19"><span class='ocrx_word' id='word_1_527' title='bbox 384 3702 518 3755; x_wconf 82' lang='grc' dir='ltr'>Ὀδυσσέα</span> <span class='ocrx_word' id='word_1_528' title='bbox 537 3717 580 3754; x_wconf 91' lang='grc' dir='ltr'>τιν</span> <span class='ocrx_word' id='word_1_529' title='bbox 587 3703 601 3752; x_wconf 84' lang='lat'>’.</span> <span class='ocrx_word' id='word_1_530' title='bbox 620 3701 691 3752; x_wconf 81' lang='grc' dir='ltr'>ἀλλὰ</span> <span class='ocrx_word' id='word_1_531' title='bbox 710 3702 755 3752; x_wconf 84' lang='grc' dir='ltr'>ναὶ</span> <span class='ocrx_word' id='word_1_532' title='bbox 774 3701 811 3764; x_wconf 88' lang='grc' dir='ltr'>μά</span> <span class='ocrx_word' id='word_1_533' title='bbox 829 3699 883 3752; x_wconf 86' lang='grc' dir='ltr'>Δία</span> <span class='ocrx_word' id='word_1_534' title='bbox 901 3700 995 3766; x_wconf 83' lang='grc' dir='ltr'>φέρει,</span> <span class='ocrx_word' id='word_1_535' title='bbox 1146 3713 1233 3773; x_wconf 80' lang='grc' dir='ltr'>1ιγιιοο</span> <span class='ocrx_word' id='word_1_536' title='bbox 1252 3698 1415 3752; x_wconf 89' lang='lat' dir='ltr'>correctoris</span> <span class='ocrx_word' id='word_1_537' title='bbox 1429 3698 1535 3752; x_wconf 84' lang='lat' dir='ltr'>metrici</span> <span class='ocrx_word' id='word_1_538' title='bbox 1554 3715 1666 3753; x_wconf 88' lang='lat' dir='ltr'>manum</span> <span class='ocrx_word' id='word_1_539' title='bbox 1685 3715 1742 3752; x_wconf 90' lang='lat' dir='ltr'>esse</span> <span class='ocrx_word' id='word_1_540' title='bbox 1761 3701 1885 3768; x_wconf 85' lang='lat' dir='ltr'>experta,</span> <span class='ocrx_word' id='word_1_541' title='bbox 1902 3714 1996 3752; x_wconf 85' lang='lat' dir='ltr'>versus</span> 
     </span>
     <span class='ocr_line' id='line_1_39' title="bbox 298 3781 1996 3856; baseline -0.001 -18"><span class='ocrx_word' id='word_1_542' title='bbox 298 3787 496 3856; x_wconf 85' lang='lat' dir='ltr'>interpolatam</span> <span class='ocrx_word' id='word_1_543' title='bbox 512 3784 620 3838; x_wconf 91' lang='lat' dir='ltr'>habent</span> <span class='ocrx_word' id='word_1_544' title='bbox 637 3783 724 3838; x_wconf 90' lang='lat' dir='ltr'>ceteri</span> <span class='ocrx_word' id='word_1_545' title='bbox 1161 3781 1293 3836; x_wconf 88' lang='lat' dir='ltr'>dimetros</span> <span class='ocrx_word' id='word_1_546' title='bbox 1303 3781 1437 3851; x_wconf 87' lang='lat' dir='ltr'>pessimos</span> <span class='ocrx_word' id='word_1_547' title='bbox 1449 3784 1529 3852; x_wconf 86' lang='lat' dir='ltr'>quasi</span> <span class='ocrx_word' id='word_1_548' title='bbox 1541 3784 1732 3854; x_wconf 85' lang='lat' dir='ltr'>anapaesticos</span> <span class='ocrx_word' id='word_1_549' title='bbox 1744 3783 1877 3850; x_wconf 86' lang='lat' dir='ltr'>facientis,</span> <span class='ocrx_word' id='word_1_550' title='bbox 1890 3782 1996 3838; x_wconf 91' lang='lat' dir='ltr'>ostendi</span> 
     </span>
    </p>

    <p class='ocr_par' dir='ltr' id='par_1_6' title="bbox 299 3848 1996 4121">
     <span class='ocr_line' id='line_1_40' title="bbox 384 3848 1995 3938; baseline -0.001 -14"><span class='ocrx_word' id='word_1_551' title='bbox 384 3872 521 3924; x_wconf 86' lang='grc' dir='ltr'>Ὀδυσσέα</span> <span class='ocrx_word' id='word_1_552' title='bbox 539 3871 601 3923; x_wconf 91' lang='grc' dir='ltr'>τινά</span> <span class='ocrx_word' id='word_1_553' title='bbox 618 3873 656 3935; x_wconf 86' lang='grc' dir='ltr'>γ’.</span> <span class='ocrx_word' id='word_1_554' title='bbox 675 3871 746 3922; x_wconf 83' lang='grc' dir='ltr'>ἀλλὰ</span> <span class='ocrx_word' id='word_1_555' title='bbox 765 3872 809 3921; x_wconf 91' lang='grc' dir='ltr'>ναί</span> <span class='ocrx_word' id='word_1_556' title='bbox 829 3870 866 3934; x_wconf 91' lang='grc' dir='ltr'>μά</span> <span class='ocrx_word' id='word_1_557' title='bbox 884 3869 938 3922; x_wconf 92' lang='grc' dir='ltr'>Δία</span> <span class='ocrx_word' id='word_1_558' title='bbox 955 3869 1044 3934; x_wconf 82' lang='grc' dir='ltr'>φέρει.</span> <span class='ocrx_word' id='word_1_559' title='bbox 1147 3848 1189 3935; x_wconf 66' lang='lat' dir='ltr'>tin</span> <span class='ocrx_word' id='word_1_560' title='bbox 1206 3867 1326 3922; x_wconf 87' lang='lat' dir='ltr'>Praeiat.</span> <span class='ocrx_word' id='word_1_561' title='bbox 1351 3867 1480 3922; x_wconf 88' lang='lat' dir='ltr'>editionis</span> <span class='ocrx_word' id='word_1_562' title='bbox 1497 3867 1646 3937; x_wconf 86' lang='lat' dir='ltr'>Lipsiensis</span> <span class='ocrx_word' id='word_1_563' title='bbox 1664 3871 1780 3936; x_wconf 88' lang='lat' dir='ltr'>quartae</span> <span class='ocrx_word' id='word_1_564' title='bbox 1798 3887 1825 3938; x_wconf 90' lang='lat' dir='ltr'>p.</span> <span class='ocrx_word' id='word_1_565' title='bbox 1842 3868 1901 3922; x_wconf 89' lang='lat' dir='ltr'>VII.</span> <span class='ocrx_word' id='word_1_566' title='bbox 1926 3884 1995 3936; x_wconf 89' lang='lat' dir='ltr'>quae</span> 
     </span>
     <span class='ocr_line' id='line_1_41' title="bbox 299 3951 1995 4022; baseline -0.002 -13"><span class='ocrx_word' id='word_1_567' title='bbox 299 3955 427 4009; x_wconf 87' lang='lat' dir='ltr'>Ueterum</span> <span class='ocrx_word' id='word_1_568' title='bbox 446 3954 528 4008; x_wconf 89' lang='lat' dir='ltr'>simili</span> <span class='ocrx_word' id='word_1_569' title='bbox 546 3971 638 4010; x_wconf 88' lang='lat' dir='ltr'>errore</span> <span class='ocrx_word' id='word_1_570' title='bbox 656 3957 746 4019; x_wconf 87' lang='grc' dir='ltr'>ἐγωγε</span> <span class='ocrx_word' id='word_1_571' title='bbox 765 3951 839 4021; x_wconf 89' lang='lat' dir='ltr'>apud</span> <span class='ocrx_word' id='word_1_572' title='bbox 857 3951 1022 4021; x_wconf 84' lang='lat' dir='ltr'>Sophoclem</span> <span class='ocrx_word' id='word_1_573' title='bbox 1038 3953 1133 4022; x_wconf 89' lang='lat' dir='ltr'>paullo</span> <span class='ocrx_word' id='word_1_574' title='bbox 1146 3978 1148 3999; x_wconf 81' lang='grc' dir='ltr'>ι</span> <span class='ocrx_word' id='word_1_575' title='bbox 1161 3951 1347 4021; x_wconf 87' lang='lat' dir='ltr'>interpolatio,</span> <span class='ocrx_word' id='word_1_576' title='bbox 1366 3951 1461 4006; x_wconf 90' lang='lat' dir='ltr'>similis</span> <span class='ocrx_word' id='word_1_577' title='bbox 1474 3952 1647 4008; x_wconf 87' lang='lat' dir='ltr'>Triclinianis</span> <span class='ocrx_word' id='word_1_578' title='bbox 1666 3952 1818 4006; x_wconf 87' lang='lat' dir='ltr'>carminum</span> <span class='ocrx_word' id='word_1_579' title='bbox 1835 3953 1995 4007; x_wconf 85' lang='lat' dir='ltr'>melioorunr</span> 
     </span>
     <span class='ocr_line' id='line_1_42' title="bbox 299 4036 1996 4121; baseline 0 -29"><span class='ocrx_word' id='word_1_580' title='bbox 299 4042 363 4109; x_wconf 89' lang='lat' dir='ltr'>post</span> <span class='ocrx_word' id='word_1_581' title='bbox 379 4059 403 4093; x_wconf 90' lang='lat' dir='ltr'>v.</span> <span class='ocrx_word' id='word_1_582' title='bbox 425 4046 481 4092; x_wconf 76' lang='grc'><strong>111.</strong></span> <span class='ocrx_word' id='word_1_583' title='bbox 501 4040 603 4108; x_wconf 81' lang='lat' dir='ltr'>legitur</span> <span class='ocrx_word' id='word_1_584' title='bbox 621 4039 648 4091; x_wconf 93' lang='lat' dir='ltr'>in</span> <span class='ocrx_word' id='word_1_585' title='bbox 668 4039 760 4092; x_wconf 88' lang='lat' dir='ltr'>codice</span> <span class='ocrx_word' id='word_1_586' title='bbox 918 4098 921 4108; x_wconf 45' lang='grc'>,</span> <span class='ocrx_word' id='word_1_587' title='bbox 1147 4064 1148 4121; x_wconf 61' lang='lat' dir='ltr'>i</span> <span class='ocrx_word' id='word_1_588' title='bbox 1161 4036 1429 4107; x_wconf 86' lang='lat' dir='ltr'>interpolationibus,</span> <span class='ocrx_word' id='word_1_589' title='bbox 1443 4053 1497 4090; x_wconf 89' lang='lat' dir='ltr'>non</span> <span class='ocrx_word' id='word_1_590' title='bbox 1510 4053 1544 4090; x_wconf 88' lang='lat' dir='ltr'>ex</span> <span class='ocrx_word' id='word_1_591' title='bbox 1557 4037 1897 4092; x_wconf 86' lang='lat' dir='ltr'>codicibusAlexandrinis</span> <span class='ocrx_word' id='word_1_592' title='bbox 1906 4037 1996 4103; x_wconf 84' lang='lat' dir='ltr'>ducta,</span> 
     </span>
    </p>

    <p class='ocr_par' dir='ltr' id='par_1_7' title="bbox 296 4121 2015 5724">
     <span class='ocr_line' id='line_1_43' title="bbox 384 4121 1993 4192; baseline -0.002 -14"><span class='ocrx_word' id='word_1_593' title='bbox 384 4125 502 4192; x_wconf 88' lang='grc' dir='ltr'>χαίρειν,</span> <span class='ocrx_word' id='word_1_594' title='bbox 522 4126 638 4191; x_wconf 86' lang='grc' dir='ltr'>Ἀθάνα,</span> <span class='ocrx_word' id='word_1_595' title='bbox 657 4125 741 4177; x_wconf 81' lang='grc' dir='ltr'>τᾶλλ’</span> <span class='ocrx_word' id='word_1_596' title='bbox 759 4125 848 4188; x_wconf 84' lang='grc' dir='ltr'>ἔγωγέ</span> <span class='ocrx_word' id='word_1_597' title='bbox 866 4125 897 4177; x_wconf 85' lang='grc' dir='ltr'>σ’</span> <span class='ocrx_word' id='word_1_598' title='bbox 915 4123 1038 4190; x_wconf 86' lang='grc' dir='ltr'>ἐφίεμαι,</span> <span class='ocrx_word' id='word_1_599' title='bbox 1160 4121 1209 4174; x_wconf 89' lang='lat' dir='ltr'>sed</span> <span class='ocrx_word' id='word_1_600' title='bbox 1227 4122 1319 4176; x_wconf 87' lang='lat' dir='ltr'>multis</span> <span class='ocrx_word' id='word_1_601' title='bbox 1337 4122 1448 4176; x_wconf 88' lang='lat' dir='ltr'>demum</span> <span class='ocrx_word' id='word_1_602' title='bbox 1464 4124 1529 4192; x_wconf 90' lang='lat' dir='ltr'>post</span> <span class='ocrx_word' id='word_1_603' title='bbox 1545 4122 1607 4175; x_wconf 91' lang='lat' dir='ltr'>illos</span> <span class='ocrx_word' id='word_1_604' title='bbox 1625 4121 1722 4176; x_wconf 89' lang='lat' dir='ltr'>seculis</span> <span class='ocrx_word' id='word_1_605' title='bbox 1739 4123 1869 4191; x_wconf 86' lang='lat' dir='ltr'>suscepta</span> <span class='ocrx_word' id='word_1_606' title='bbox 1888 4139 1945 4176; x_wconf 91' lang='lat' dir='ltr'>esse</span> <span class='ocrx_word' id='word_1_607' title='bbox 1957 4121 1993 4176; x_wconf 89' lang='lat' dir='ltr'>vi-</span> 
     </span>
     <span class='ocr_line' id='line_1_44' title="bbox 299 4205 1993 4278; baseline -0.001 -16"><span class='ocrx_word' id='word_1_608' title='bbox 299 4210 416 4264; x_wconf 86' lang='lat' dir='ltr'>iortasse</span> <span class='ocrx_word' id='word_1_609' title='bbox 436 4210 470 4263; x_wconf 92' lang='lat' dir='ltr'>ab</span> <span class='ocrx_word' id='word_1_610' title='bbox 489 4207 603 4262; x_wconf 89' lang='lat' dir='ltr'>librario</span> <span class='ocrx_word' id='word_1_611' title='bbox 622 4208 755 4278; x_wconf 89' lang='lat' dir='ltr'>scriptum</span> <span class='ocrx_word' id='word_1_612' title='bbox 773 4208 820 4276; x_wconf 92' lang='lat' dir='ltr'>qui</span> <span class='ocrx_word' id='word_1_613' title='bbox 842 4209 951 4274; x_wconf 85' lang='grc' dir='ltr'>ἐφίεμαι</span> <span class='ocrx_word' id='word_1_614' title='bbox 969 4208 1076 4276; x_wconf 83' lang='lat' dir='ltr'>syllaba</span> <span class='ocrx_word' id='word_1_615' title='bbox 1094 4225 1134 4262; x_wconf 84' lang='lat' dir='ltr'>se·</span> <span class='ocrx_word' id='word_1_616' title='bbox 1146 4248 1148 4268; x_wconf 72' lang='lat'>,</span> <span class='ocrx_word' id='word_1_617' title='bbox 1160 4205 1248 4274; x_wconf 89' lang='lat' dir='ltr'>detur,</span> <span class='ocrx_word' id='word_1_618' title='bbox 1267 4207 1319 4261; x_wconf 89' lang='lat' dir='ltr'>etsi</span> <span class='ocrx_word' id='word_1_619' title='bbox 1336 4206 1383 4260; x_wconf 88' lang='lat' dir='ltr'>diu</span> <span class='ocrx_word' id='word_1_620' title='bbox 1401 4207 1467 4261; x_wconf 87' lang='lat' dir='ltr'>ante</span> <span class='ocrx_word' id='word_1_621' title='bbox 1485 4205 1653 4262; x_wconf 76' lang='lat' dir='ltr'>&#39;inclinium</span> <span class='ocrx_word' id='word_1_622' title='bbox 1689 4207 1762 4262; x_wconf 85' lang='lat' dir='ltr'>Nam</span> <span class='ocrx_word' id='word_1_623' title='bbox 1780 4206 1889 4276; x_wconf 89' lang='lat' dir='ltr'>antiqui</span> <span class='ocrx_word' id='word_1_624' title='bbox 1907 4223 1993 4262; x_wconf 88' lang='lat' dir='ltr'>corre-</span> 
     </span>
     <span class='ocr_line' id='line_1_45' title="bbox 300 4275 2015 4363; baseline -0.002 -15"><span class='ocrx_word' id='word_1_625' title='bbox 300 4296 389 4348; x_wconf 87' lang='lat' dir='ltr'>cunda</span> <span class='ocrx_word' id='word_1_626' title='bbox 407 4294 485 4348; x_wconf 80' lang='lat' dir='ltr'>brevi</span> <span class='ocrx_word' id='word_1_627' title='bbox 502 4292 775 4363; x_wconf 87' lang='lat' dir='ltr'>pronunciaret,qui</span> <span class='ocrx_word' id='word_1_628' title='bbox 793 4309 870 4347; x_wconf 90' lang='lat' dir='ltr'>error</span> <span class='ocrx_word' id='word_1_629' title='bbox 888 4294 1027 4347; x_wconf 89' lang='lat' dir='ltr'>correctus</span> <span class='ocrx_word' id='word_1_630' title='bbox 1046 4294 1089 4347; x_wconf 89' lang='lat' dir='ltr'>est</span> <span class='ocrx_word' id='word_1_631' title='bbox 1106 4292 1132 4346; x_wconf 91' lang='lat' dir='ltr'>in</span> <span class='ocrx_word' id='word_1_632' title='bbox 1146 4275 1148 4363; x_wconf 72' lang='grc' dir='ltr'>ί</span> <span class='ocrx_word' id='word_1_633' title='bbox 1161 4293 1249 4346; x_wconf 91' lang='lat' dir='ltr'>ctores</span> <span class='ocrx_word' id='word_1_634' title='bbox 1267 4291 1375 4346; x_wconf 90' lang='lat' dir='ltr'>metrici</span> <span class='ocrx_word' id='word_1_635' title='bbox 1388 4308 1451 4346; x_wconf 87' lang='lat' dir='ltr'>raro</span> <span class='ocrx_word' id='word_1_636' title='bbox 1470 4293 1543 4346; x_wconf 90' lang='lat' dir='ltr'>ultra</span> <span class='ocrx_word' id='word_1_637' title='bbox 1554 4291 1682 4362; x_wconf 81' lang='lat' dir='ltr'>vulgaria</span> <span class='ocrx_word' id='word_1_638' title='bbox 1699 4292 1888 4348; x_wconf 89' lang='lat' dir='ltr'>diverbiorum</span> <span class='ocrx_word' id='word_1_639' title='bbox 1905 4293 1993 4346; x_wconf 87' lang='lat' dir='ltr'>metra</span> <span class='ocrx_word' id='word_1_640' title='bbox 2011 4287 2015 4302; x_wconf 91' lang='lat'>&#39;</span> 
     </span>
     <span class='ocr_line' id='line_1_46' title="bbox 300 4377 1992 4449; baseline -0.003 -16"><span class='ocrx_word' id='word_1_641' title='bbox 300 4379 468 4449; x_wconf 76' lang='lat' dir='ltr'>apographis</span> <span class='ocrx_word' id='word_1_642' title='bbox 493 4378 632 4448; x_wconf 89' lang='lat' dir='ltr'>plerisque</span> <span class='ocrx_word' id='word_1_643' title='bbox 658 4377 787 4432; x_wconf 89' lang='lat' dir='ltr'>restituto</span> <span class='ocrx_word' id='word_1_644' title='bbox 816 4379 871 4444; x_wconf 84' lang='grc' dir='ltr'>ἐγώ</span> <span class='ocrx_word' id='word_1_645' title='bbox 899 4382 931 4432; x_wconf 87' lang='grc' dir='ltr'>σ’</span> <span class='ocrx_word' id='word_1_646' title='bbox 952 4381 1073 4446; x_wconf 89' lang='grc' dir='ltr'>ἐφίεμαι,</span> <span class='ocrx_word' id='word_1_647' title='bbox 1104 4381 1136 4432; x_wconf 91' lang='lat' dir='ltr'>ut</span> <span class='ocrx_word' id='word_1_648' title='bbox 1160 4378 1573 4448; x_wconf 80' lang='lat' dir='ltr'>processerunt,&#39;posterion1m</span> <span class='ocrx_word' id='word_1_649' title='bbox 1595 4395 1659 4432; x_wconf 88' lang='lat' dir='ltr'>vero</span> <span class='ocrx_word' id='word_1_650' title='bbox 1678 4379 1835 4445; x_wconf 88' lang='lat' dir='ltr'>temporum</span> <span class='ocrx_word' id='word_1_651' title='bbox 1857 4378 1992 4432; x_wconf 87' lang='lat' dir='ltr'>correcto·</span> 
     </span>
     <span class='ocr_line' id='line_1_47' title="bbox 300 4460 1993 4532; baseline -0.002 -16"><span class='ocrx_word' id='word_1_652' title='bbox 300 4481 323 4516; x_wconf 83' lang='lat' dir='ltr'>r.</span> <span class='ocrx_word' id='word_1_653' title='bbox 339 4471 393 4518; x_wconf 89' lang='grc'><strong>116.</strong></span> <span class='ocrx_word' id='word_1_654' title='bbox 414 4465 456 4518; x_wconf 92' lang='lat' dir='ltr'>est</span> <span class='ocrx_word' id='word_1_655' title='bbox 472 4471 557 4531; x_wconf 82' lang='grc' dir='ltr'>χωρῶ</span> <span class='ocrx_word' id='word_1_656' title='bbox 577 4467 647 4530; x_wconf 88' lang='grc' dir='ltr'>πρὸς</span> <span class='ocrx_word' id='word_1_657' title='bbox 665 4467 761 4530; x_wconf 83' lang='grc' dir='ltr'>ἔργον,</span> <span class='ocrx_word' id='word_1_658' title='bbox 781 4465 826 4518; x_wconf 87' lang='grc' dir='ltr'>σοί</span> <span class='ocrx_word' id='word_1_659' title='bbox 844 4465 872 4516; x_wconf 89' lang='grc' dir='ltr'>δ’</span> <span class='ocrx_word' id='word_1_660' title='bbox 888 4464 1010 4530; x_wconf 86' lang='grc' dir='ltr'>ἐφίεμαι,</span> <span class='ocrx_word' id='word_1_661' title='bbox 1030 4464 1081 4518; x_wconf 90' lang='grc' dir='ltr'>θεά</span> <span class='ocrx_word' id='word_1_662' title='bbox 1093 4496 1133 4518; x_wconf 84' lang='grc'>-.</span> <span class='ocrx_word' id='word_1_663' title='bbox 1159 4479 1203 4516; x_wconf 90' lang='lat' dir='ltr'>res</span> <span class='ocrx_word' id='word_1_664' title='bbox 1229 4461 1368 4516; x_wconf 90' lang='lat' dir='ltr'>interdum</span> <span class='ocrx_word' id='word_1_665' title='bbox 1390 4462 1484 4532; x_wconf 92' lang='lat' dir='ltr'>paullo</span> <span class='ocrx_word' id='word_1_666' title='bbox 1512 4461 1621 4530; x_wconf 78' lang='lat' dir='ltr'>longius</span> <span class='ocrx_word' id='word_1_667' title='bbox 1645 4463 1710 4516; x_wconf 91' lang='lat' dir='ltr'>sunt</span> <span class='ocrx_word' id='word_1_668' title='bbox 1735 4462 1891 4530; x_wconf 82' lang='lat' dir='ltr'>progressi:</span> <span class='ocrx_word' id='word_1_669' title='bbox 1920 4460 1993 4515; x_wconf 87' lang='lat' dir='ltr'>cuius</span> 
     </span>
     <span class='ocr_line' id='line_1_48' title="bbox 298 4544 1992 4626; baseline -0.002 -24"><span class='ocrx_word' id='word_1_670' title='bbox 298 4549 370 4602; x_wconf 88' lang='lat' dir='ltr'>Nam</span> <span class='ocrx_word' id='word_1_671' title='bbox 387 4548 425 4602; x_wconf 92' lang='lat' dir='ltr'>sic</span> <span class='ocrx_word' id='word_1_672' title='bbox 448 4548 554 4604; x_wconf 88' lang='lat' dir='ltr'>correxi</span> <span class='ocrx_word' id='word_1_673' title='bbox 573 4548 647 4617; x_wconf 90' lang='lat' dir='ltr'>quod</span> <span class='ocrx_word' id='word_1_674' title='bbox 665 4551 708 4602; x_wconf 89' lang='lat' dir='ltr'>est</span> <span class='ocrx_word' id='word_1_675' title='bbox 724 4548 753 4601; x_wconf 92' lang='lat' dir='ltr'>in</span> <span class='ocrx_word' id='word_1_676' title='bbox 771 4547 864 4602; x_wconf 90' lang='lat' dir='ltr'>codice</span> <span class='ocrx_word' id='word_1_677' title='bbox 889 4553 973 4615; x_wconf 84' lang='grc' dir='ltr'>χωρῶ</span> <span class='ocrx_word' id='word_1_678' title='bbox 998 4550 1068 4616; x_wconf 85' lang='grc' dir='ltr'>πρὸς</span> <span class='ocrx_word' id='word_1_679' title='bbox 1092 4551 1134 4617; x_wconf 76' lang='grc' dir='ltr'>ἔρ·</span> <span class='ocrx_word' id='word_1_680' title='bbox 1146 4604 1148 4626; x_wconf 24' lang='lat' dir='ltr'>k</span> <span class='ocrx_word' id='word_1_681' title='bbox 1160 4547 1322 4602; x_wconf 74' lang='lat' dir='ltr'>tomentatis</span> <span class='ocrx_word' id='word_1_682' title='bbox 1341 4548 1497 4617; x_wconf 86' lang='lat' dir='ltr'>exemplum</span> <span class='ocrx_word' id='word_1_683' title='bbox 1513 4546 1621 4616; x_wconf 80' lang='lat' dir='ltr'>insigne</span> <span class='ocrx_word' id='word_1_684' title='bbox 1633 4546 1772 4616; x_wconf 87' lang='lat' dir='ltr'>reperitur</span> <span class='ocrx_word' id='word_1_685' title='bbox 1788 4546 1925 4617; x_wconf 90' lang='lat' dir='ltr'>inVespis</span> <span class='ocrx_word' id='word_1_686' title='bbox 1936 4544 1992 4600; x_wconf 84' lang='lat' dir='ltr'>Ari-</span> 
     </span>
     <span class='ocr_line' id='line_1_49' title="bbox 298 4630 1993 4738; baseline -0.001 -50"><span class='ocrx_word' id='word_1_687' title='bbox 298 4651 349 4698; x_wconf 92' lang='grc' dir='ltr'>γον</span> <span class='ocrx_word' id='word_1_688' title='bbox 367 4640 467 4688; x_wconf 79' lang='grc' dir='ltr'>τοῦτο·</span> <span class='ocrx_word' id='word_1_689' title='bbox 491 4637 535 4688; x_wconf 84' lang='grc' dir='ltr'>σοὶ</span> <span class='ocrx_word' id='word_1_690' title='bbox 553 4637 582 4687; x_wconf 81' lang='grc' dir='ltr'>δ’</span> <span class='ocrx_word' id='word_1_691' title='bbox 600 4634 722 4700; x_wconf 88' lang='grc' dir='ltr'>ἐφίεμαι,</span> <span class='ocrx_word' id='word_1_692' title='bbox 747 4633 834 4687; x_wconf 87' lang='lat' dir='ltr'>eiecto</span> <span class='ocrx_word' id='word_1_693' title='bbox 854 4632 928 4701; x_wconf 90' lang='lat' dir='ltr'>quod</span> <span class='ocrx_word' id='word_1_694' title='bbox 950 4631 1134 4702; x_wconf 89' lang='lat' dir='ltr'>interpolator</span> <span class='ocrx_word' id='word_1_695' title='bbox 1146 4668 1149 4738; x_wconf 48' lang='lat' dir='ltr'>J</span> <span class='ocrx_word' id='word_1_696' title='bbox 1159 4633 1309 4702; x_wconf 88' lang='lat' dir='ltr'>stephanis,</span> <span class='ocrx_word' id='word_1_697' title='bbox 1323 4633 1372 4686; x_wconf 95' lang='lat' dir='ltr'>ubi</span> <span class='ocrx_word' id='word_1_698' title='bbox 1384 4649 1478 4686; x_wconf 86' lang='lat' dir='ltr'>versus</span> <span class='ocrx_word' id='word_1_699' title='bbox 1490 4630 1589 4700; x_wconf 78' lang='lat' dir='ltr'>viginti</span> <span class='ocrx_word' id='word_1_700' title='bbox 1602 4631 1723 4700; x_wconf 88' lang='lat' dir='ltr'>quinque</span> <span class='ocrx_word' id='word_1_701' title='bbox 1736 4635 1902 4700; x_wconf 75' lang='lat' dir='ltr'>(ala-272.)</span> <span class='ocrx_word' id='word_1_702' title='bbox 1914 4649 1993 4700; x_wconf 78' lang='lat' dir='ltr'>asyn-</span> 
     </span>
     <span class='ocr_line' id='line_1_50' title="bbox 298 4715 1991 4799; baseline -0.001 -28"><span class='ocrx_word' id='word_1_703' title='bbox 298 4717 394 4771; x_wconf 90' lang='lat' dir='ltr'>inscite</span> <span class='ocrx_word' id='word_1_704' title='bbox 415 4717 510 4771; x_wconf 88' lang='lat' dir='ltr'>intulit</span> <span class='ocrx_word' id='word_1_705' title='bbox 527 4723 626 4786; x_wconf 78' lang='lat' dir='ltr'>rotro,</span> <span class='ocrx_word' id='word_1_706' title='bbox 651 4734 736 4785; x_wconf 89' lang='lat' dir='ltr'>quum</span> <span class='ocrx_word' id='word_1_707' title='bbox 754 4735 810 4772; x_wconf 92' lang='lat' dir='ltr'>non</span> <span class='ocrx_word' id='word_1_708' title='bbox 833 4717 1074 4772; x_wconf 88' lang='lat' dir='ltr'>animadvertisset</span> <span class='ocrx_word' id='word_1_709' title='bbox 1092 4720 1264 4799; x_wconf 56' lang='lat' dir='ltr'>ex-partetos</span> <span class='ocrx_word' id='word_1_710' title='bbox 1291 4735 1325 4772; x_wconf 87' lang='lat' dir='ltr'>ex</span> <span class='ocrx_word' id='word_1_711' title='bbox 1351 4716 1471 4772; x_wconf 89' lang='lat' dir='ltr'>iambico</span> <span class='ocrx_word' id='word_1_712' title='bbox 1499 4715 1617 4770; x_wconf 86' lang='lat' dir='ltr'>dimetro</span> <span class='ocrx_word' id='word_1_713' title='bbox 1644 4720 1673 4772; x_wconf 91' lang='lat' dir='ltr'>et</span> <span class='ocrx_word' id='word_1_714' title='bbox 1695 4715 1818 4785; x_wconf 83' lang='lat' dir='ltr'>tripodis</span> <span class='ocrx_word' id='word_1_715' title='bbox 1843 4716 1991 4780; x_wconf 85' lang='lat' dir='ltr'>trochaica,</span> 
     </span>
     <span class='ocr_line' id='line_1_51' title="bbox 299 4799 1990 4872; baseline -0.002 -15"><span class='ocrx_word' id='word_1_716' title='bbox 299 4802 396 4857; x_wconf 86' lang='lat' dir='ltr'>cidisse</span> <span class='ocrx_word' id='word_1_717' title='bbox 419 4805 477 4858; x_wconf 92' lang='grc' dir='ltr'>θεά.</span> <span class='ocrx_word' id='word_1_718' title='bbox 517 4802 566 4856; x_wconf 82' lang='lat' dir='ltr'>Cui</span> <span class='ocrx_word' id='word_1_719' title='bbox 589 4801 776 4857; x_wconf 86' lang='lat' dir='ltr'>emendationi</span> <span class='ocrx_word' id='word_1_720' title='bbox 798 4804 903 4857; x_wconf 89' lang='lat' dir='ltr'>temere</span> <span class='ocrx_word' id='word_1_721' title='bbox 930 4803 1069 4858; x_wconf 89' lang='lat' dir='ltr'>obiectum</span> <span class='ocrx_word' id='word_1_722' title='bbox 1093 4806 1135 4858; x_wconf 90' lang='lat' dir='ltr'>est</span> <span class='ocrx_word' id='word_1_723' title='bbox 1146 4806 1148 4821; x_wconf 93' lang='lat'>&#39;</span> <span class='ocrx_word' id='word_1_724' title='bbox 1159 4803 1214 4856; x_wconf 87' lang='lat' dir='ltr'>sive</span> <span class='ocrx_word' id='word_1_725' title='bbox 1232 4820 1313 4858; x_wconf 85' lang='lat' dir='ltr'>versu</span> <span class='ocrx_word' id='word_1_726' title='bbox 1330 4801 1522 4872; x_wconf 80' lang='lat' dir='ltr'>ithyphallico,</span> <span class='ocrx_word' id='word_1_727' title='bbox 1541 4801 1708 4871; x_wconf 86' lang='lat' dir='ltr'>compositos</span> <span class='ocrx_word' id='word_1_728' title='bbox 1727 4802 1867 4856; x_wconf 88' lang='lat' dir='ltr'>corrector</span> <span class='ocrx_word' id='word_1_729' title='bbox 1884 4800 1913 4854; x_wconf 90' lang='lat' dir='ltr'>in</span> <span class='ocrx_word' id='word_1_730' title='bbox 1926 4799 1990 4856; x_wconf 83' lang='lat' dir='ltr'>iem·</span> 
     </span>
     <span class='ocr_line' id='line_1_52' title="bbox 298 4883 1993 4958; baseline -0.002 -18"><span class='ocrx_word' id='word_1_731' title='bbox 298 4887 411 4941; x_wconf 88' lang='lat' dir='ltr'>Aiacem</span> <span class='ocrx_word' id='word_1_732' title='bbox 433 4891 519 4943; x_wconf 86' lang='grc' dir='ltr'>τοθτό</span> <span class='ocrx_word' id='word_1_733' title='bbox 538 4903 582 4942; x_wconf 91' lang='grc' dir='ltr'>σοι</span> <span class='ocrx_word' id='word_1_734' title='bbox 600 4891 629 4941; x_wconf 84' lang='grc' dir='ltr'>δ’</span> <span class='ocrx_word' id='word_1_735' title='bbox 648 4888 758 4955; x_wconf 89' lang='grc' dir='ltr'>ἐφίεμαι</span> <span class='ocrx_word' id='word_1_736' title='bbox 777 4917 809 4928; x_wconf 92' lang='grc'>-</span> <span class='ocrx_word' id='word_1_737' title='bbox 826 4905 891 4942; x_wconf 91' lang='lat' dir='ltr'>nam</span> <span class='ocrx_word' id='word_1_738' title='bbox 914 4887 953 4942; x_wconf 88' lang='lat' dir='ltr'>sic</span> <span class='ocrx_word' id='word_1_739' title='bbox 975 4889 1135 4958; x_wconf 77' lang='lat' dir='ltr'>interpungi</span> <span class='ocrx_word' id='word_1_740' title='bbox 1161 4887 1236 4942; x_wconf 88' lang='lat' dir='ltr'>bicos</span> <span class='ocrx_word' id='word_1_741' title='bbox 1257 4888 1436 4942; x_wconf 89' lang='lat' dir='ltr'>tetrametros</span> <span class='ocrx_word' id='word_1_742' title='bbox 1464 4885 1639 4940; x_wconf 86' lang='lat' dir='ltr'>catalecticos</span> <span class='ocrx_word' id='word_1_743' title='bbox 1667 4885 1803 4940; x_wconf 88' lang='lat' dir='ltr'>convertit</span> <span class='ocrx_word' id='word_1_744' title='bbox 1831 4883 1993 4938; x_wconf 90' lang='lat' dir='ltr'>coniecturis</span> 
     </span>
     <span class='ocr_line' id='line_1_53' title="bbox 298 4969 1993 5041; baseline -0.001 -15"><span class='ocrx_word' id='word_1_745' title='bbox 298 4973 401 5040; x_wconf 86' lang='lat' dir='ltr'>volunt,</span> <span class='ocrx_word' id='word_1_746' title='bbox 420 4972 484 5026; x_wconf 89' lang='lat' dir='ltr'>licet</span> <span class='ocrx_word' id='word_1_747' title='bbox 499 4973 618 5028; x_wconf 87' lang='lat' dir='ltr'>lectores</span> <span class='ocrx_word' id='word_1_748' title='bbox 631 4971 730 5026; x_wconf 79' lang='lat' dir='ltr'>Graeci</span> <span class='ocrx_word' id='word_1_749' title='bbox 747 4977 834 5026; x_wconf 80' lang='lat' dir='ltr'>rotro</span> <span class='ocrx_word' id='word_1_750' title='bbox 847 4991 909 5026; x_wconf 91' lang='lat' dir='ltr'>cum</span> <span class='ocrx_word' id='word_1_751' title='bbox 920 4975 1004 5040; x_wconf 82' lang='grc' dir='ltr'>ἔργον</span> <span class='ocrx_word' id='word_1_752' title='bbox 1023 4975 1133 5028; x_wconf 84' lang='grc' dir='ltr'>οοιιίυιι-</span> <span class='ocrx_word' id='word_1_753' title='bbox 1147 4972 1347 5041; x_wconf 80' lang='lat' dir='ltr'>ineptissimis,</span> <span class='ocrx_word' id='word_1_754' title='bbox 1371 4989 1488 5041; x_wconf 89' lang='lat' dir='ltr'>quarum</span> <span class='ocrx_word' id='word_1_755' title='bbox 1510 4987 1575 5039; x_wconf 85' lang='lat' dir='ltr'>pars</span> <span class='ocrx_word' id='word_1_756' title='bbox 1597 4987 1702 5039; x_wconf 79' lang='lat' dir='ltr'>magna</span> <span class='ocrx_word' id='word_1_757' title='bbox 1725 4970 1781 5024; x_wconf 88' lang='lat' dir='ltr'>iam</span> <span class='ocrx_word' id='word_1_758' title='bbox 1802 4971 1831 5024; x_wconf 89' lang='lat' dir='ltr'>in</span> <span class='ocrx_word' id='word_1_759' title='bbox 1853 4969 1993 5024; x_wconf 90' lang='lat' dir='ltr'>codicibus</span> 
     </span>
     <span class='ocr_line' id='line_1_54' title="bbox 298 5054 1994 5128; baseline -0.002 -17"><span class='ocrx_word' id='word_1_760' title='bbox 298 5057 369 5111; x_wconf 90' lang='lat' dir='ltr'>cturi</span> <span class='ocrx_word' id='word_1_761' title='bbox 386 5057 709 5128; x_wconf 83' lang='lat' dir='ltr'>trissant-propterea</span> <span class='ocrx_word' id='word_1_762' title='bbox 720 5056 811 5111; x_wconf 89' lang='lat' dir='ltr'>dicere</span> <span class='ocrx_word' id='word_1_763' title='bbox 829 5060 860 5110; x_wconf 91' lang='lat' dir='ltr'>ut</span> <span class='ocrx_word' id='word_1_764' title='bbox 878 5060 1028 5128; x_wconf 88' lang='lat' dir='ltr'>appareret</span> <span class='ocrx_word' id='word_1_765' title='bbox 1045 5076 1131 5127; x_wconf 89' lang='lat' dir='ltr'>quan·</span> <span class='ocrx_word' id='word_1_766' title='bbox 1161 5058 1321 5112; x_wconf 67' lang='lat' dir='ltr'>avennaco</span> <span class='ocrx_word' id='word_1_767' title='bbox 1345 5057 1374 5110; x_wconf 93' lang='lat' dir='ltr'>et</span> <span class='ocrx_word' id='word_1_768' title='bbox 1394 5055 1501 5110; x_wconf 85' lang='lat' dir='ltr'>Veneto</span> <span class='ocrx_word' id='word_1_769' title='bbox 1525 5055 1676 5124; x_wconf 88' lang='lat' dir='ltr'>reperitur,</span> <span class='ocrx_word' id='word_1_770' title='bbox 1704 5055 1794 5111; x_wconf 89' lang='lat' dir='ltr'>tribus</span> <span class='ocrx_word' id='word_1_771' title='bbox 1816 5057 1873 5110; x_wconf 85' lang='lat' dir='ltr'>iere</span> <span class='ocrx_word' id='word_1_772' title='bbox 1898 5054 1994 5110; x_wconf 90' lang='lat' dir='ltr'>seculis</span> 
     </span>
     <span class='ocr_line' id='line_1_55' title="bbox 297 5138 1729 5213; baseline -0.001 -18"><span class='ocrx_word' id='word_1_773' title='bbox 297 5145 394 5213; x_wconf 87' lang='lat' dir='ltr'>tepere</span> <span class='ocrx_word' id='word_1_774' title='bbox 412 5143 554 5197; x_wconf 88' lang='lat' dir='ltr'>Minervae</span> <span class='ocrx_word' id='word_1_775' title='bbox 577 5141 677 5197; x_wconf 86' lang='lat' dir='ltr'>auxilio</span> <span class='ocrx_word' id='word_1_776' title='bbox 696 5142 854 5197; x_wconf 86' lang='lat' dir='ltr'>confideret.</span> <span class='ocrx_word' id='word_1_777' title='bbox 891 5143 946 5198; x_wconf 84' lang='lat' dir='ltr'>Sed</span> <span class='ocrx_word' id='word_1_778' title='bbox 963 5145 1005 5198; x_wconf 84' lang='lat' dir='ltr'>ris</span> <span class='ocrx_word' id='word_1_779' title='bbox 1022 5146 1131 5212; x_wconf 79' lang='lat' dir='ltr'>tragica</span> <span class='ocrx_word' id='word_1_780' title='bbox 1161 5143 1226 5196; x_wconf 90' lang='lat' dir='ltr'>ante</span> <span class='ocrx_word' id='word_1_781' title='bbox 1244 5140 1415 5196; x_wconf 87' lang='lat' dir='ltr'>Demetrium</span> <span class='ocrx_word' id='word_1_782' title='bbox 1433 5138 1594 5194; x_wconf 83' lang='lat' dir='ltr'>Triclinium</span> <span class='ocrx_word' id='word_1_783' title='bbox 1612 5140 1729 5211; x_wconf 88' lang='lat' dir='ltr'>scriptis.</span> 
     </span>
     <span class='ocr_line' id='line_1_56' title="bbox 296 5214 1993 5299; baseline -0.001 -19"><span class='ocrx_word' id='word_1_784' title='bbox 296 5227 376 5280; x_wconf 91' lang='lat' dir='ltr'>huius</span> <span class='ocrx_word' id='word_1_785' title='bbox 395 5227 448 5280; x_wconf 92' lang='lat' dir='ltr'>loci</span> <span class='ocrx_word' id='word_1_786' title='bbox 465 5245 520 5281; x_wconf 91' lang='lat' dir='ltr'>non</span> <span class='ocrx_word' id='word_1_787' title='bbox 537 5214 860 5296; x_wconf 60' lang='lat' dir='ltr'>reprosmissionis,</span> <span class='ocrx_word' id='word_1_788' title='bbox 880 5244 968 5295; x_wconf 90' lang='lat' dir='ltr'>eoque</span> <span class='ocrx_word' id='word_1_789' title='bbox 985 5229 1130 5299; x_wconf 90' lang='lat' dir='ltr'>perinepte</span> <span class='ocrx_word' id='word_1_790' title='bbox 1228 5226 1261 5280; x_wconf 90' lang='lat' dir='ltr'>V.</span> <span class='ocrx_word' id='word_1_791' title='bbox 1279 5233 1336 5280; x_wconf 84' lang='grc'><strong>437.</strong></span> <span class='ocrx_word' id='word_1_792' title='bbox 1361 5228 1416 5291; x_wconf 78' lang='grc' dir='ltr'>ἐγὼ</span> <span class='ocrx_word' id='word_1_793' title='bbox 1439 5228 1468 5279; x_wconf 90' lang='grc' dir='ltr'>δ’</span> <span class='ocrx_word' id='word_1_794' title='bbox 1486 5227 1502 5279; x_wconf 89' lang='grc' dir='ltr'>ὁ</span> <span class='ocrx_word' id='word_1_795' title='bbox 1520 5227 1613 5279; x_wconf 87' lang='grc' dir='ltr'>κείνου</span> <span class='ocrx_word' id='word_1_796' title='bbox 1637 5231 1702 5290; x_wconf 83' lang='grc' dir='ltr'>παῖς</span> <span class='ocrx_word' id='word_1_797' title='bbox 1725 5228 1777 5278; x_wconf 89' lang='grc' dir='ltr'>τὸν</span> <span class='ocrx_word' id='word_1_798' title='bbox 1796 5227 1885 5281; x_wconf 82' lang='grc' dir='ltr'>αὐτὸν</span> <span class='ocrx_word' id='word_1_799' title='bbox 1904 5227 1932 5290; x_wconf 85' lang='grc' dir='ltr'>ἐς</span> <span class='ocrx_word' id='word_1_800' title='bbox 1949 5226 1993 5278; x_wconf 85' lang='grc' dir='ltr'>τό·</span> 
     </span>
     <span class='ocr_line' id='line_1_57' title="bbox 297 5309 1993 5382; baseline -0.002 -16"><span class='ocrx_word' id='word_1_801' title='bbox 297 5313 444 5380; x_wconf 87' lang='lat' dir='ltr'>collocato,</span> <span class='ocrx_word' id='word_1_802' title='bbox 468 5329 553 5379; x_wconf 91' lang='lat' dir='ltr'>quum</span> <span class='ocrx_word' id='word_1_803' title='bbox 578 5317 621 5366; x_wconf 84' lang='lat' dir='ltr'>coi</span> <span class='ocrx_word' id='word_1_804' title='bbox 644 5315 674 5366; x_wconf 88' lang='grc' dir='ltr'>δέ</span> <span class='ocrx_word' id='word_1_805' title='bbox 697 5317 780 5366; x_wconf 81' lang='grc' dir='ltr'>τοῦτ’</span> <span class='ocrx_word' id='word_1_806' title='bbox 797 5311 906 5380; x_wconf 86' lang='grc' dir='ltr'>ἐφίεμαι</span> <span class='ocrx_word' id='word_1_807' title='bbox 927 5314 1019 5382; x_wconf 89' lang='lat' dir='ltr'>potius</span> <span class='ocrx_word' id='word_1_808' title='bbox 1038 5314 1127 5368; x_wconf 79' lang='lat' dir='ltr'>dicen</span> <span class='ocrx_word' id='word_1_809' title='bbox 1162 5329 1217 5366; x_wconf 90' lang='grc' dir='ltr'>πον</span> <span class='ocrx_word' id='word_1_810' title='bbox 1233 5313 1237 5379; x_wconf 94' lang='grc' dir='ltr'>Ι</span> <span class='ocrx_word' id='word_1_811' title='bbox 1252 5311 1352 5377; x_wconf 86' lang='grc' dir='ltr'>Τροίας</span> <span class='ocrx_word' id='word_1_812' title='bbox 1370 5312 1500 5364; x_wconf 86' lang='grc' dir='ltr'>ἐπελθὼν</span> <span class='ocrx_word' id='word_1_813' title='bbox 1519 5312 1571 5364; x_wconf 82' lang='grc' dir='ltr'>οὐκ</span> <span class='ocrx_word' id='word_1_814' title='bbox 1589 5311 1720 5366; x_wconf 90' lang='grc' dir='ltr'>ἐλάσσονι</span> <span class='ocrx_word' id='word_1_815' title='bbox 1738 5311 1829 5364; x_wconf 87' lang='grc' dir='ltr'>σθένει</span> <span class='ocrx_word' id='word_1_816' title='bbox 1841 5312 1883 5379; x_wconf 90' lang='grc'>-]</span> <span class='ocrx_word' id='word_1_817' title='bbox 1902 5309 1993 5364; x_wconf 88' lang='lat' dir='ltr'>Verba</span> 
     </span>
     <span class='ocr_line' id='line_1_58' title="bbox 297 5394 1992 5468; baseline -0.004 -16"><span class='ocrx_word' id='word_1_818' title='bbox 297 5397 489 5464; x_wconf 68' lang='lat' dir='ltr'>meminisset,</span> <span class='ocrx_word' id='word_1_819' title='bbox 512 5398 560 5452; x_wconf 90' lang='lat' dir='ltr'>sed</span> <span class='ocrx_word' id='word_1_820' title='bbox 582 5397 611 5451; x_wconf 91' lang='lat' dir='ltr'>in</span> <span class='ocrx_word' id='word_1_821' title='bbox 629 5398 720 5451; x_wconf 89' lang='lat' dir='ltr'>verbis</span> <span class='ocrx_word' id='word_1_822' title='bbox 736 5399 848 5452; x_wconf 88' lang='grc' dir='ltr'>τοιάνδε</span> <span class='ocrx_word' id='word_1_823' title='bbox 871 5399 1013 5465; x_wconf 78' lang='grc' dir='ltr'>ξύμμαχον</span> <span class='ocrx_word' id='word_1_824' title='bbox 1035 5399 1128 5468; x_wconf 90' lang='lat' dir='ltr'>posita</span> <span class='ocrx_word' id='word_1_825' title='bbox 1161 5399 1213 5450; x_wconf 85' lang='grc' dir='ltr'>τὸν</span> <span class='ocrx_word' id='word_1_826' title='bbox 1231 5397 1319 5449; x_wconf 79' lang='grc' dir='ltr'>αὐτὸν</span> <span class='ocrx_word' id='word_1_827' title='bbox 1337 5397 1365 5460; x_wconf 88' lang='grc' dir='ltr'>ἐς</span> <span class='ocrx_word' id='word_1_828' title='bbox 1385 5397 1476 5450; x_wconf 83' lang='grc' dir='ltr'>τόπον</span> <span class='ocrx_word' id='word_1_829' title='bbox 1494 5395 1650 5449; x_wconf 83' lang='lat' dir='ltr'>referuntur</span> <span class='ocrx_word' id='word_1_830' title='bbox 1673 5397 1709 5450; x_wconf 91' lang='lat' dir='ltr'>ad</span> <span class='ocrx_word' id='word_1_831' title='bbox 1725 5396 1812 5468; x_wconf 76' lang='lat' dir='ltr'>verba</span> <span class='ocrx_word' id='word_1_832' title='bbox 1829 5394 1992 5463; x_wconf 87' lang='lat' dir='ltr'>praeceden-</span> 
     </span>
     <span class='ocr_line' id='line_1_59' title="bbox 298 5478 1992 5552; baseline -0.005 -14"><span class='ocrx_word' id='word_1_833' title='bbox 298 5486 350 5550; x_wconf 92' lang='lat' dir='ltr'>est,</span> <span class='ocrx_word' id='word_1_834' title='bbox 374 5501 445 5552; x_wconf 86' lang='lat' dir='ltr'>quae</span> <span class='ocrx_word' id='word_1_835' title='bbox 468 5482 550 5538; x_wconf 87' lang='lat' dir='ltr'>aliter</span> <span class='ocrx_word' id='word_1_836' title='bbox 573 5484 608 5538; x_wconf 93' lang='lat' dir='ltr'>ab</span> <span class='ocrx_word' id='word_1_837' title='bbox 626 5483 722 5550; x_wconf 87' lang='lat' dir='ltr'>Aiace,</span> <span class='ocrx_word' id='word_1_838' title='bbox 749 5483 796 5551; x_wconf 91' lang='lat' dir='ltr'>qui</span> <span class='ocrx_word' id='word_1_839' title='bbox 813 5481 967 5538; x_wconf 87' lang='lat' dir='ltr'>Minervam</span> <span class='ocrx_word' id='word_1_840' title='bbox 989 5483 1042 5537; x_wconf 89' lang='lat' dir='ltr'>sibi</span> <span class='ocrx_word' id='word_1_841' title='bbox 1063 5485 1129 5538; x_wconf 89' lang='lat' dir='ltr'>ami-</span> <span class='ocrx_word' id='word_1_842' title='bbox 1161 5480 1201 5534; x_wconf 88' lang='lat' dir='ltr'>tia</span> <span class='ocrx_word' id='word_1_843' title='bbox 1224 5483 1258 5548; x_wconf 91' lang='lat' dir='ltr'>(v.</span> <span class='ocrx_word' id='word_1_844' title='bbox 1277 5483 1347 5548; x_wconf 88' lang='grc'><strong>434.)</strong></span> <span class='ocrx_word' id='word_1_845' title='bbox 1371 5482 1467 5545; x_wconf 88' lang='grc' dir='ltr'>Ἰδαίας</span> <span class='ocrx_word' id='word_1_846' title='bbox 1484 5483 1597 5548; x_wconf 87' lang='grc' dir='ltr'>χθονός,</span> <span class='ocrx_word' id='word_1_847' title='bbox 1620 5482 1652 5534; x_wconf 90' lang='lat' dir='ltr'>ut</span> <span class='ocrx_word' id='word_1_848' title='bbox 1668 5479 1736 5534; x_wconf 91' lang='lat' dir='ltr'>nihil</span> <span class='ocrx_word' id='word_1_849' title='bbox 1759 5496 1828 5548; x_wconf 91' lang='lat' dir='ltr'>opus</span> <span class='ocrx_word' id='word_1_850' title='bbox 1846 5478 1882 5533; x_wconf 91' lang='lat' dir='ltr'>sit</span> <span class='ocrx_word' id='word_1_851' title='bbox 1900 5479 1992 5533; x_wconf 87' lang='lat' dir='ltr'>addito</span> 
     </span>
     <span class='ocr_line' id='line_1_60' title="bbox 297 5563 1991 5639; baseline -0.005 -17"><span class='ocrx_word' id='word_1_852' title='bbox 297 5569 437 5622; x_wconf 88' lang='lat' dir='ltr'>cissimam</span> <span class='ocrx_word' id='word_1_853' title='bbox 455 5585 514 5624; x_wconf 87' lang='lat' dir='ltr'>esse</span> <span class='ocrx_word' id='word_1_854' title='bbox 533 5570 669 5639; x_wconf 90' lang='lat' dir='ltr'>opinatur,</span> <span class='ocrx_word' id='word_1_855' title='bbox 688 5567 769 5622; x_wconf 90' lang='lat' dir='ltr'>aliter</span> <span class='ocrx_word' id='word_1_856' title='bbox 787 5569 823 5622; x_wconf 90' lang='lat' dir='ltr'>ab</span> <span class='ocrx_word' id='word_1_857' title='bbox 835 5569 1039 5637; x_wconf 86' lang='lat' dir='ltr'>spectatoribus</span> <span class='ocrx_word' id='word_1_858' title='bbox 1052 5569 1129 5623; x_wconf 92' lang='lat' dir='ltr'>intel-</span> <span class='ocrx_word' id='word_1_859' title='bbox 1146 5566 1260 5633; x_wconf 88' lang='grc' dir='ltr'>ιΤροίας</span> <span class='ocrx_word' id='word_1_860' title='bbox 1277 5564 1400 5633; x_wconf 88' lang='lat' dir='ltr'>nomine,</span> <span class='ocrx_word' id='word_1_861' title='bbox 1424 5566 1499 5633; x_wconf 89' lang='lat' dir='ltr'>quod</span> <span class='ocrx_word' id='word_1_862' title='bbox 1517 5582 1572 5620; x_wconf 88' lang='lat' dir='ltr'>non</span> <span class='ocrx_word' id='word_1_863' title='bbox 1589 5567 1648 5620; x_wconf 88' lang='lat' dir='ltr'>tam</span> <span class='ocrx_word' id='word_1_864' title='bbox 1665 5567 1780 5634; x_wconf 86' lang='lat' dir='ltr'>propter</span> <span class='ocrx_word' id='word_1_865' title='bbox 1791 5581 1827 5617; x_wconf 88' lang='lat' dir='ltr'>se</span> <span class='ocrx_word' id='word_1_866' title='bbox 1845 5563 1936 5632; x_wconf 89' lang='lat' dir='ltr'>ipsum</span> <span class='ocrx_word' id='word_1_867' title='bbox 1952 5563 1991 5616; x_wconf 86' lang='lat' dir='ltr'>est</span> 
     </span>
     <span class='ocr_line' id='line_1_61' title="bbox 297 5628 1992 5724; baseline -0.006 -15"><span class='ocrx_word' id='word_1_868' title='bbox 297 5654 433 5724; x_wconf 85' lang='lat' dir='ltr'>ligantur,</span> <span class='ocrx_word' id='word_1_869' title='bbox 457 5655 503 5722; x_wconf 90' lang='lat' dir='ltr'>qui</span> <span class='ocrx_word' id='word_1_870' title='bbox 527 5674 558 5708; x_wconf 82' lang='lat' dir='ltr'>ex</span> <span class='ocrx_word' id='word_1_871' title='bbox 582 5655 615 5708; x_wconf 89' lang='lat' dir='ltr'>iis</span> <span class='ocrx_word' id='word_1_872' title='bbox 634 5671 705 5722; x_wconf 86' lang='lat' dir='ltr'>quae</span> <span class='ocrx_word' id='word_1_873' title='bbox 723 5655 847 5710; x_wconf 87' lang='lat' dir='ltr'>Minerva</span> <span class='ocrx_word' id='word_1_874' title='bbox 870 5657 954 5710; x_wconf 87' lang='lat' dir='ltr'>antea</span> <span class='ocrx_word' id='word_1_875' title='bbox 972 5671 1034 5708; x_wconf 87' lang='lat' dir='ltr'>cum</span> <span class='ocrx_word' id='word_1_876' title='bbox 1051 5653 1130 5708; x_wconf 86' lang='lat' dir='ltr'>Ulixe</span> <span class='ocrx_word' id='word_1_877' title='bbox 1146 5628 1317 5720; x_wconf 75' lang='lat' dir='ltr'>&#39;suspectum</span> <span class='ocrx_word' id='word_1_878' title='bbox 1341 5668 1424 5718; x_wconf 86' lang='lat' dir='ltr'>quarn</span> <span class='ocrx_word' id='word_1_879' title='bbox 1446 5653 1561 5720; x_wconf 88' lang='lat' dir='ltr'>propter</span> <span class='ocrx_word' id='word_1_880' title='bbox 1584 5651 1728 5716; x_wconf 85' lang='grc' dir='ltr'>ἐπελθὼν,</span> <span class='ocrx_word' id='word_1_881' title='bbox 1750 5665 1800 5718; x_wconf 88' lang='grc' dir='ltr'>ριο</span> <span class='ocrx_word' id='word_1_882' title='bbox 1824 5665 1880 5717; x_wconf 90' lang='lat' dir='ltr'>quo</span> <span class='ocrx_word' id='word_1_883' title='bbox 1904 5649 1992 5704; x_wconf 80' lang='grc' dir='ltr'>ἐλθών</span> 
     </span>
    </p>
   </div>
   <div class='ocr_carea' id='block_1_5' title="bbox 0 0 2206 6610">
    <p class='ocr_par' dir='ltr' id='par_1_8' title="bbox 0 0 2206 6610">
     <span class='ocr_line' id='line_1_62' title="bbox 0 0 2206 6610; baseline 0 2"><span class='ocrx_word' id='word_1_884' title='bbox 0 0 2206 6610; x_wconf 95' lang='lat' dir='ltr'> </span> 
     </span>
    </p>
   </div>
  </div>
 </body>
</html>
