4372 6614
319 452 338 516 8
978 448 1077 500 VITA
1105 445 1332 501 AESGHYLI.

320 607 430 669 vicisse,
444 605 493 656 sed
505 604 670 670 olympiadis
683 603 789 654 demum
799 606 840 655 73.
852 619 923 653 auno
936 604 1021 668 primo
1035 604 1148 669 primam
1175 603 1259 651 menti
1276 600 1486 666 Agamemnonis
1503 615 1536 648 ex
1554 598 1714 649 didascaliis
1732 598 1887 650 annotavit.
1921 598 1997 648 Haec

323 680 480 740 reportasse
494 674 655 737 victoriam,
672 673 726 722 nisi
739 671 877 721 marmoris
890 670 964 720 Parii
977 672 1083 722 notatio
1097 670 1147 720 ial-
1175 668 1280 732 ultima,
1297 673 1328 718 ut
1344 667 1466 732 videtur,
1483 666 1612 732 Aeschyli
1625 666 1775 717 didascalia
1788 665 1854 728 fuit,
1873 681 1926 731 qua
1938 681 1996 732 pcr-

319 741 462 806 iaspidi,
476 742 517 794 65.
536 737 672 805 Αἰσχύλος
684 738 699 791 ὁ
712 738 830 804 ποιητὴς
845 735 1020 804 τραγῳδίᾳ’)
1033 739 1148 803 πρῶτον
1175 741 1239 787 acta
1251 738 1280 787 in
1293 735 1413 787 Siciliam
1427 750 1456 786 se
1475 735 1590 785 contulit
1607 735 1701 799 ibique
1713 733 1798 786 Gelae
1817 733 1888 786 diem
1906 749 1997 799 suprs-

320 805 431 873 ὲνίκηαε
448 809 494 860 καί
512 807 659 874 Εὐριπίδης
676 807 691 858 δ
710 807 827 872 ποιητὴς
843 804 954 869 ἐγένετο
967 833 999 842 -
1012 804 1147 872 ίίρχοντος
1175 820 1246 855 mum
1259 803 1328 854 obiit
1339 803 1438 868 olymp.
1451 805 1492 865 81,
1507 807 1530 858 1,
1553 807 1556 813 '

320 875 452 941 Ἀθήνησι
462 875 661 942 Φιλοκράτους.
684 877 759 942 Quas
769 872 876 926 fabulas
885 873 937 924 boc
946 890 1017 925 anno
1028 874 1147 938 Aeschy-
1224 871 1353 937 Aeschyli
1367 871 1485 936 tabulas,
1498 871 1603 936 pariter
1619 886 1652 922 ac
1665 869 1833 936 Sophocleas
1852 874 1880 921 et
1892 870 1998 936 Euripi·

319 944 362 994 lus
375 945 534 1012 produxerit
545 946 695 1008 nescimus,
714 959 764 994 uec
781 941 992 1008 dereliqueram
1009 942 1147 1008 plerisque
1175 938 1286 1004 ἅρμ’),
1304 940 1386 990 etiarn
1404 945 1466 1006 post
1483 944 1597 990 mortem
1614 943 1726 1004 poetae,
1749 939 1802 990 etsi
1819 954 1874 992 nou
1891 942 1997 990 onustat

320 1028 388 1078 quas
399 1012 445 1063 vel
457 1019 523 1064 aute
534 1013 580 1065 vel
588 1019 651 1078 post
663 1013 734 1062 huuc
744 1025 844 1091 aunum
853 1010 947 1060 docuit
956 1011 1059 1061 fabulis
1072 1010 1147 1075 quid·
1175 1013 1240 1074 quot
1257 1014 1286 1059 et
1300 1023 1381 1073 quas,
1398 1013 1475 1089 actas
1492 1021 1559 1090 esse·
1570 1013 1657 1060 testes
1673 1007 1804 1089 habemus
1820 1007 1999 1072 biographum
2013 1057 2015 1062 ,

320 1077 1148 1214 Attulistiiltltlitilll'htultlteti{A
1174 1074 2000 1209 ti·ii>..illlltitmilltilffilsalentinis:

323 1222 423 1282 potest,
439 1217 558 1268 fortasse
571 1217 644 1266 iutra
656 1215 754 1280 olymp.
768 1217 814 1277 70,
829 1216 841 1264 1
856 1220 884 1266 et
896 1217 942 1278 li,
955 1217 972 1265 4
984 1213 1076 1264 docuit
1088 1229 1147 1263 cum
1175 1228 1228 1277 que
1240 1208 1999 1278 legeabLycurgo”)oratoropostolymp.10'l.rogsta,

321 1286 409 1335 trihus
427 1284 492 1335 aliis
505 1283 606 1336 fabulis
620 1283 805 1346 coniunctam,
824 1281 856 1332 de
876 1283 974 1347 quibus
990 1297 1066 1332 meas
1082 1282 1148 1333 alio·
1175 1296 1255 1345 quam
1267 1287 1400 1330 memorat
1415 1281 1531 1344 scriptor
1544 1280 1658 1330 vitarum
1673 1280 1768 1330 decem
1781 1285 1918 1331 oratorum
1929 1283 2000 1330 inter

322 1367 434 1419 rumque
446 1353 619 1404 coniecturas
631 1353 748 1402 incertas
764 1349 867 1416 protuh
883 1350 919 1400 ad
931 1351 1038 1416 Tragm.
1052 1366 1077 1415 p.
1091 1351 1147 1400 100.
1174 1347 1317 1401 Plutarchi
1333 1349 1402 1398 Mor.
1420 1351 1592 1413 receptarum
1607 1363 1633 1413 p.
1651 1349 1699 1398 841
1714 1346 1732 1398 l.
1755 1345 1793 1409 ὼς
1809 1348 1913 1412 χαλκᾶς
1930 1343 2001 1398 elud-

320 1420 512 1472 Prometheum
524 1421 643 1471 vinctum
656 1435 716 1470 cum
724 1418 887 1470 Prometheo
901 1418 990 1469 soluto
1002 1423 1031 1468 et
1041 1417 1148 1468 duabus
1175 1430 1224 1477 νας
1233 1414 1375 1467 ἀναθεῖναι
1386 1416 1447 1466 τῶν
1459 1417 1596 1480 ποιητῶν,
1610 1411 1751 1479 Αἰσχύλου
1762 1414 1941 1480 Σοφοκλέους
1953 1413 2001 1466 Εὐ-

322 1489 387 1539 aliis
400 1503 512 1554 quarum
525 1489 634 1539 uomina
651 1503 706 1538 nou
720 1487 845 1538 norimus
858 1485 960 1538 tabulis
973 1490 1036 1553 post
1048 1486 1145 1552 olymp.
1173 1481 1283 1549 ριπίδου
1300 1484 1383 1550 (haud
1401 1484 1481 1535 dubio
1494 1485 1523 1534 in
1534 1483 1657 1548 theatro,
1677 1483 1725 1534 ubi
1741 1485 1824 1534 trium
1836 1485 2001 1549 tragicorum

323 1557 364 1620 li,
378 1559 401 1612 2.
416 1563 504 1608 actam
514 1570 575 1607 esse
587 1557 642 1608 iam
655 1557 690 1606 ab
704 1555 768 1605 aliis
776 1555 907 1606 monitum
921 1560 964 1605 est
976 1569 1009 1605 ex
1022 1555 1146 1606 versibus
1174 1558 1281 1604 statuas
1291 1553 1326 1602 ab
1337 1567 1365 1602 se
1375 1553 1449 1603 visas
1460 1567 1520 1603 esse
1528 1549 1781 1602 scribitPausanias
1793 1550 1886 1616 l,21.),
1897 1549 2001 1611 καὶτὰς

323 1624 416 1690 colligi
428 1639 509 1690 posse
522 1624 678 1675 Promethei
686 1623 772 1675 vincti
781 1624 922 1674 867-869.
936 1623 1033 1688 quibus
1043 1623 1148 1672 Aetnae
1173 1617 1327 1685 τραγῳδίας
1344 1617 1441 1671 αὐτῶν
1459 1617 1490 1669 ἑν
1506 1622 1592 1686 κοινῷ
1609 1618 1804 1683 γραψαμένους
1821 1617 2002 1685 παραφυλάτ-

324 1693 441 1758 eruptio,
455 1707 525 1758 quae
538 1692 637 1757 olymp.
651 1693 693 1755 75,
706 1694 730 1743 2.
743 1691 857 1754 accidit,
869 1691 993 1755 praedici
1004 1690 1146 1741 videatur:
1174 1702 1234 1740 τεν
1250 1687 1295 1738 nul
1311 1686 1365 1739 τὸν
1377 1689 1428 1752 τῆς
1443 1686 1557 1748 πόλεως
1568 1685 1730 1752 γραμματέα
1743 1685 2002 1752 παραναγινώσκειν

323 1761 355 1810 dc
369 1775 420 1824 quo
433 1760 552 1811 videnda
569 1775 640 1825 quae
656 1760 686 1810 iu
702 1758 803 1813 Anuot.
819 1759 1021 1810 oxoniensibus
1039 1757 1097 1808 dixi
1112 1757 1148 1808 ad
1174 1771 1234 1818 τοις
1246 1754 1486 1820 ὑποκρινομένοις·
1501 1754 1553 1807 οὐκ
1566 1755 1663 1808 ἐξεῖναι
1676 1754 1728 1820 γὰρ
1741 1753 1830 1822 (recte
1848 1755 1942 1818 άλλως
1955 1756 2003 1806 ad-

322 1829 409 1878 Prom.
426 1830 484 1879 367.
500 1829 580 1894 pil.
610 1830 701 1880 Metra
719 1832 811 1878 tamen
827 1826 907 1876 huius
924 1827 1035 1878 fabulae
1054 1827 1149 1876 carmi·
1178 1826 1218 1875 dit
1230 1821 1389 1890 Grysarius)
1406 1821 1493 1885 αὐτὰς
1509 1821 1721 1888 ὑποκρίνεσθαιτ
1741 1839 1797 1889 qua
1807 1823 1869 1890 lege
1887 1824 1933 1874 ille
1951 1823 2003 1874 hoc

322 1911 438 1961 numque
455 1895 624 1948 choricorum
641 1895 867 1961 compositionem
889 1895 1076 1945 consideranti
1094 1909 1149 1945 nou
1177 1892 1251 1943 sitici
1263 1891 1351 1944 voluit
1362 1896 1393 1942 ut
1404 1891 1566 1943 histrionum
1578 1895 1607 1942 in
1624 1891 1824 1958 interpolandis
1837 1892 2003 1958 tragicorum

322 1964 432 2014 dubium
445 1964 583 2015 videbitur
600 1964 665 2030 quin
678 1963 856 2014 Prometheus
872 1963 964 2014 Persis
982 1961 1093 2028 (olymp.
1107 1963 1149 2026 76,
1178 1960 1281 2013 tabulis
1298 1959 1409 2011 licentia
1432 1964 1616 2025 coerceretur,
1642 1961 1739 2025 exiguo
1760 1965 1790 2011 ut
1810 1961 1922 2012 videtur
1942 1974 2003 2011 suc·

322 2028 358 2099 4.)
371 2037 400 2081 et
411 2031 530 2083 tortasse
540 2031 609 2082 adeo
619 2031 767 2097 tetralogia
777 2031 937 2096 Oedipodes
948 2029 1148 2097 (olymp.78,l.)
1177 2043 1265 2080 cassu.
1299 2028 1471 2078 Histriouum
1487 2032 1579 2078 autem
1597 2028 1763 2093 aliorumque
1777 2029 2002 2094 interpolatorum

323 2101 459 2166 posterior
476 2100 520 2151 sit.
555 2098 640 2152 Porro
656 2100 756 2166 olymp.
775 2102 821 2163 78,
837 2102 863 2149 4.
884 2100 1015 2150 archonte
1032 2101 1149 2150 Mcuoue
1177 2101 1301 2148 veterum
1318 2101 1421 2161 quanta
1442 2097 1471 2146 iu
1488 2095 1690 2162 interpolandis
1707 2096 1874 2162 tragicorum
1890 2113 1945 2147 uon
1962 2112 2004 2148 so·

324 2167 501 2233 tetralogiam
523 2166 618 2218 docuit
638 2183 671 2218 ex
689 2167 805 2230 Phineo,
827 2167 933 2230 Persis,
951 2167 1054 2219 Glauco
1074 2165 1150 2232 (eoa
1179 2165 1235 2215 lum
1254 2165 1381 2228 licentia,
1404 2164 1454 2215 sed
1472 2165 1556 2215 etiam
1572 2165 1709 2229 imperitia
1731 2164 1827 2226 iussit,
1848 2165 2003 2230 insignibus

323 2235 424 2301 nicusi)
444 2241 472 2285 et
488 2235 651 2288 Prometheo
670 2231 841 2300 (πυρφὸρῳ)
860 2236 1054 2300 compositam,
1072 2250 1150 2301 prae·
1179 2232 1260 2284 docui
1278 2232 1410 2298 exemplis
1426 2233 1454 2282 ia
1466 2233 1645 2283 Praefatioue
1662 2232 1698 2283 ad
1710 2232 1837 2298 Aeschyli
1855 2232 2003 2283 editionem

325 2309 417 2366 eunte,
449 2303 502 2353 uod
516 2303 550 2353 sd
563 2304 663 2354 Persas
675 2305 786 2366 attinet,
800 2303 964 2368 Phrynicho,
983 2304 1060 2354 cuius
1073 2303 1150 2353 iabu—
1178 2301 1351 2367 Lipsieussm
1372 2301 1495 2364 quintam
1516 2300 1737 2366 intelligiturque
1760 2316 1793 2350 ex
1810 2301 2005 2365 speciminibus

324 2371 368 2422 lae
392 2319 537 2423 Φοίνισσαι
557 2373 708 2438 inscriptae
732 2370 861 2435 Aeschyli
885 2371 1031 2421 Persarum
1056 2370 1152 2421 sabula
1180 2385 1228 2435 per
1240 2368 1344 2419 scholia
1356 2369 1506 2432 Euripides
1517 2369 1633 2434 sparsis,
1651 2369 1725 2418 inter
1737 2381 1808 2433 quae
1819 2367 1951 2419 nonnulla
1964 2384 2005 2418 re·

324 2444 380 2490 tam
397 2439 494 2490 similis
512 2440 566 2490 luit
585 2445 616 2490 ut
638 2455 671 2490 ex
689 2439 841 2505 Phrynichi
862 2439 1007 2505 tragoedia
1027 2451 1151 2503 παραπε·
1179 2437 1323 2503 pariuntur
1334 2451 1403 2502 quas
1415 2437 1462 2487 vix
1474 2435 1570 2487 credas
1582 2435 1737 2488 hominibus
1753 2437 1781 2485 iu
1796 2437 1913 2487 Graecia
1929 2437 2005 2487 natis

326 2508 459 2571 ποιήσθαι
472 2506 633 2573 quibusdam
645 2508 707 2558 visa
721 2508 771 2572 sit,
783 2515 814 2558 ut
827 2523 860 2558 ex
872 2507 975 2558 Glauco
988 2507 1074 2558 refert
1086 2509 1151 2558 Per·
1179 2507 1208 2556 iu
1228 2509 1347 2556 mentem
1366 2507 1460 2554 venire
1482 2506 1619 2569 potuisse,
1643 2502 1722 2556 velut
1743 2503 1776 2554 de
1797 2503 2004 2556 Andromachae

326 2590 416 2626 aarum
434 2577 588 2641 argumenti
606 2577 734 2641 scriptor:
754 2575 827 2626 uude
842 2574 986 2626 Bentleius
1003 2577 1032 2625 iu
1049 2574 1151 2642 Opusc.
1179 2589 1260 2626 versu
1277 2578 1364 2624 sexto.
1394 2571 1518 2638 Amplius
1534 2572 1757 2639 interpolationis
1774 2587 1861 2638 genus
1873 2575 2006 2624 memorat

326 2660 352 2709 p.
376 2645 433 2699 293.
461 2642 639 2709 probabiliter
669 2645 787 2694 coniecit
811 2642 962 2709 Phrynichi
987 2643 1152 2695 Phoenissae
1181 2639 1369 2706 Quintilianus
1380 2640 1471 2692 instit.
1483 2639 1529 2690 Or.
1541 2643 1581 2706 10,
1593 2645 1616 2704 1,
1627 2642 1668 2691 es.
1680 2639 1723 2694 his
1735 2641 1827 2693 verbis
1839 2657 1904 2693 usus
1917 2640 2005 2692 “Tra-

328 2715 457 2776 quattuor
478 2716 543 2762 aute
563 2710 692 2776 Aeschyli
709 2711 809 2763 Persas
831 2713 924 2774 annis,
947 2711 1047 2778 olymp.
1064 2713 1110 2775 75,
1126 2714 1151 2761 4.
1178 2711 1284 2776 gordius
1299 2712 1405 2774 primurn
1422 2712 1448 2759 in
1465 2713 1542 2760 lucem
1559 2709 1700 2774 Aeschylus
1716 2711 1833 2774 protulit,
1853 2710 1963 2760 sublimis
1981 2717 2006 2760 et

327 2777 475 2831 Adimanto
487 2779 628 2844 archonte,
642 2786 731 2830 actam
742 2795 811 2841 esse,
826 2795 878 2844 quo
888 2795 959 2830 auno
969 2779 1153 2843 Phrynichnm
1180 2780 1277 2844 procia
1297 2784 1323 2827 et
1337 2779 1521 2844 grandiloquus
1538 2793 1616 2843 saepe
1633 2793 1711 2843 nsque
1729 2780 1765 2828 ad
1780 2779 1876 2838 ailiam,
1898 2779 1946 2828 aed
1962 2794 2005 2828 ru-

325 2847 355 2896 ia
368 2847 518 2898 certamine
529 2847 638 2900 scenico
652 2848 750 2899 vicisse
761 2847 915 2898 certissima
925 2848 1049 2898 norimus
1061 2861 1153 2898 monu—
1181 2848 1220 2897 dis
1236 2849 1263 2896 in
1276 2847 1413 2912 plerisque·
1424 2854 1449 2896 et
1463 2848 1654 2911 incompositas:
1670 2848 1860 2912 propterquod
1874 2853 2006 2896 correctos

326 2916 413 2966 ruenti
435 2915 572 2980 eboregici
593 2913 646 2965 lide
670 2931 686 2966 a
706 2914 855 2966 Plutarcho
876 2915 1018 2966 memorati
1038 2916 1067 2966 iu
1088 2915 1154 2966 Vita
1182 2916 1235 2966 eina
1255 2913 1357 2978 sabulos
1382 2916 1409 2964 in
1431 2922 1557 2966 certamen
1584 2916 1688 2978 deferre
1711 2913 1897 2979 posterioritas
1921 2915 2006 2978 poetis

327 2982 519 3034 Themistoclis
532 2998 553 3033 c.
566 2985 591 3036 5.
982 2977 987 2990 '
1182 2983 1350 3034 Athenienses
1367 2984 1519 3047 permisere,
1536 2991 1642 3050 suntque
1654 2998 1683 3034 eo
1695 2985 1767 3034 morlo
1779 2985 1849 3034 multi
1861 2982 2006 3036 coronuli.”

376 3051 504 3102 Proxima
517 3053 594 3102 cuius
606 3055 714 3118 tempus
727 3051 850 3102 norimus
863 3051 994 3117 Aeschyli
1005 3050 1155 3117 tetralogia
1179 3040 1258 3102 luter
1272 3052 1439 3116 posteriores
1460 3050 1523 3102 illos
1559 3055 1637 3102 oetas
1655 3050 1774 3102 fortasse
1791 3063 1862 3101 uuus
1879 3049 2004 3116 alterque

328 3135 362 3169 ex
374 3120 453 3181 Laio,
467 3119 584 3184 Oedipo,
602 3118 714 3186 Septem
731 3119 768 3170 ad
779 3120 888 3172 Thebas
906 3125 935 3171 et
948 3120 1071 3186 Sphinge
1084 3136 1154 3170 com·
1182 3119 1236 3170 luit
1248 3133 1281 3168 ex
1294 3119 1380 3184 ipsius
1389 3118 1518 3185 Aeschyli
1531 3067 1643 3179 dimitis,
1658 3134 1769 3185 quorum
1778 3117 1943 3170 clarissimus
1955 3117 2007 3167 fuit

327 3187 418 3255 posita
431 3187 498 3251 luit,
516 3189 614 3252 quibus
629 3187 780 3253 Aeschylus
793 3187 924 3239 Aristium
942 3194 971 3239 et
985 3187 1154 3254 Polyphrad-
1181 3187 1345 3251 Asiydamas
1358 3186 1480 3237 Morsimi
1492 3186 1577 3248 lilius,
1591 3188 1624 3239 de
1638 3202 1690 3253 quo
1703 3186 1851 3252 supradixi
1864 3189 1922 3252 p.4.
1954 3185 2007 3250 Qui

330 3271 436 3306 monem
454 3255 522 3307 vicit
539 3255 637 3320 olymp.
656 3258 702 3319 78,
720 3258 743 3308 1.
766 3255 940 3321 Theogonide
958 3255 1100 3308 archonte:
1121 3256 1154 3306 de
1181 3259 1280 3320 poetae
1294 3255 1347 3306 etsi
1358 3255 1404 3304 vix
1417 3254 1538 3306 dubitari
1554 3260 1648 3321 potest
1662 3257 1727 3319 quin
1739 3253 1869 3320 Aeschyli
1886 3254 2006 3316 fabulas,

330 3338 383 3390 quo
400 3327 508 3374 constat
523 3337 555 3373 ex
574 3322 728 3374 didascalia
747 3323 858 3374 fabulae
874 3323 1044 3387 Aeschyleaa
1062 3339 1154 3390 super·
1181 3322 1327 3387 siquando
1345 3323 1433 3373 denuo
1444 3323 1634 3392 producendae
1651 3327 1756 3386 essent,
1773 3319 2007 3386 διεσκευασμένας

329 3390 411 3456 stitis,
425 3390 535 3456 Septem
548 3389 583 3440 ad
595 3391 714 3456 Thebas,
728 3408 754 3456 p.
769 3394 808 3441 12.
824 3391 866 3444 ed.
879 3395 997 3444 nostrae.
1029 3393 1154 3458 Denique
1182 3391 1374 3457 produxerint,
1392 3395 1484 3442 tamen
1497 3406 1587 3441 eornm
1601 3391 1764 3442 facultatem
1777 3393 1913 3457 posticam
1925 3390 2007 3441 velic-

329 3473 459 3510 suceessu
475 3474 529 3510 uon
546 3459 633 3509 miuus
651 3459 727 3510 felici
743 3459 842 3526 olymp.
858 3463 905 3524 80,
923 3463 947 3510 2.
972 3460 1095 3510 Philocle
1111 3475 1154 3510 ar·
1182 3463 1288 3510 menter
1300 3460 1478 3524 exaggeravit
1491 3459 1689 3524 Quintilianus,
1708 3473 1789 3524 quum
1806 3475 1840 3510 ex
1855 3459 1961 3510 rudibus
1980 3461 2007 3508 st

331 3527 429 3578 cboute
453 3530 482 3577 et
501 3526 623 3577 Xenocle
646 3527 817 3593 Aphidnensi
841 3528 958 3593 chorago
982 3528 1155 3594 tetralogiam
1182 3529 1352 3593 incompositis
1361 3527 1490 3592 Aeschyli
1500 3527 1611 3591 fabulis,
1622 3542 1691 3594 quas
1702 3528 1819 3579 fortasse
1828 3529 1875 3578 vix
1886 3525 2008 3592 perlege·

330 3594 475 3646 Oresteam
493 3593 587 3644 docuit
610 3609 643 3644 ex
663 3597 880 3661 Agamemnone,
900 3594 1081 3662 Choephoris,
1102 3597 1155 3646 Eu·
1183 3600 1240 3660 rat,
1257 3599 1354 3662 poetas
1368 3594 1430 3646 illos
1445 3595 1555 3646 fabulas
1569 3594 1752 3662 politiorsslet
1769 3595 1950 3661 perfectiores
1969 3595 2008 3644 ie-

329 3663 484 3715 meuidibus
506 3665 534 3712 et
553 3664 654 3714 Proteo
671 3664 862 3730 compositam,
887 3670 918 3715 ut
939 3664 1056 3730 scriptor
1077 3680 1156 3730 argu-
1183 3665 1253 3715 cisse
1264 3662 1394 3728 crederet,
1403 3665 1481 3728 quasi
1491 3663 1542 3716 duo
1552 3664 1624 3715 inter
1633 3679 1661 3716 se
1671 3663 1819 3714 contulerit
1829 3663 2006 3730 exemplaria,

1185 3732 1299 3784 alterum
1316 3731 1397 3796 rude,
1415 3732 1497 3797 quale
1513 3730 1667 3797 Aeschylus
1683 3731 1846 3798 reliquerat,
1862 3732 2008 3783 alteruma

380 3865 405 3931 *l
422 3862 565 3933 τραγῳδίᾳ
581 3867 697 3932 πρῶτον
713 3865 837 3933 ἐνίκησε]
858 3867 904 3918 Sic
921 3868 993 3920 inira
1005 3872 1044 3921 78.
1061 3867 1111 3932 ἀφ’
1123 3866 1156 3922 οὔ
1186 3875 1193 3880 ”

330 3931 654 4001 ΣοφοκλήςδΣοφίλλου
670 3934 727 3987 ὁέκ
741 3934 873 3988 Κολωνοῦ
886 3932 998 4001 ἐνίκησε
1006 3949 1078 4001 τραγ
1105 3936 1157 4004 δίρ
1235 3937 1262 4002 *l
1279 3939 1322 3988 De
1334 3937 1417 3986 trium
1429 3942 1572 4003 poetamm
1590 3936 1693 3989 fabulis
1710 3942 1903 4003 postmortem
1920 3955 2011 3990 sorum

330 4005 434 4056 Eodem
452 4019 534 4056 sensu
553 4003 708 4070 τραγῳδῶν
723 4005 802 4056 νικᾶν
820 4004 862 4066 (ut
878 4003 990 4069 ἀνδρῶν
1008 3951 1156 4056 ennodius
1183 4005 1299 4056 Athenis
1316 4010 1345 4056 et
1361 4005 1430 4055 alibi
1447 4005 1518 4056 actis
1536 4011 1563 4055 at
1581 4005 1614 4055 de
1632 4005 1808 4062 histrionibus
1825 4007 1872 4072 qui
1888 4023 1936 4059 eas
1951 4023 2011 4074 ege·

331 4070 421 4137 νικᾶν)
439 4077 467 4124 et
482 4070 637 4138 τραγῳδοῖς
649 4072 694 4123 vel
711 4071 867 4137 τραγῳδοῖς
883 4076 987 4134 καινοῖς
1005 4073 1157 4138 (Dionysiis
1183 4073 1239 4123 rint
1251 4072 1372 4124 videnda
1389 4074 1412 4125 Ι.
1426 4073 1550 4137 Grysarii
1569 4073 1729 4124 dissertatio
1748 4075 1780 4124 rie
1794 4075 1947 4127 Graecorum
1958 4083 2011 4126 tro·

329 4135 454 4208 urbanis)
461 4141 570 4196 dicitur.
586 4141 703 4192 Numero
709 4140 843 4206 singulari
851 4137 1001 4206 τραγῳδίᾳ,
1012 4156 1064 4205 quo
1074 4143 1158 4192 stiam
1183 4143 1275 4207 paedia
1287 4144 1368 4207 qualia
1377 4141 1429 4205 suit
1439 4143 1531 4193 ciream
1544 4151 1658 4207 tempora
1670 4143 1857 4208 Demosthenis,
1878 4142 2010 4194 Coloniae

301 4207 306 4216 '
331 4210 413 4260 Plato
428 4207 648 4274 ususcstSymp.
681 4211 746 4259 ,173
756 4223 781 4262 a.
794 4207 872 4261 ὅτετ
905 4206 1159 4276 πρώτητραγῳδίςι
1186 4209 1261 4260 edita
1278 4225 1302 4260 a.
1317 4209 1391 4260 1888.
1421 4209 1611 4261 Histrionibus
1627 4211 1804 4274 abGrysario
1821 4213 2012 4276 paumanno-

334 4273 463 4342 ἐνίκησεν
478 4274 648 4339 Ἀγάθαιν-
658 4224 690 4327 de
703 4292 756 4342 quo
772 4276 832 4328 loco
844 4212 964 4328 videnda
978 4292 1048 4342 quae
1062 4278 1118 4327 dixi
1130 4279 1158 4327 in
1185 4277 1254 4328 ratis
1278 4275 1419 4328 addendus
1443 4277 1614 4343 Licymnius,
1645 4277 1678 4328 de
1703 4293 1755 4344 quo
1778 4293 1862 4344 supra
1887 4280 2011 4330 dicebam

332 4345 399 4396 Vita
408 4344 551 4410 Sophoclis
561 4344 647 4399 Oxou.
658 4343 741 4410 p.LlI
750 4371 783 4380 -·
794 4359 880 4410 genus
890 4347 1047 4396 certaminis
1056 4345 1158 4411 signiti-
1186 4362 1211 4411 p.
1224 4348 1248 4396 8.
1277 4345 1477 4396 Posterioribus
1496 4352 1589 4396 autem
1601 4345 1643 4396 his
1661 4347 1843 4412 temporibus,
1861 4363 1943 4412 quum
1960 4349 2012 4414 pri·

333 4418 421 4475 catur,
439 4412 514 4463 nulla
526 4413 623 4464 habits
634 4415 741 4464 numeri
753 4413 918 4476 fabularum,
936 4417 995 4464 sive
1007 4415 1088 4464 unius
1100 4414 1158 4464 sive
1186 4413 1274 4463 atinus
1285 4409 1419 4478 χορηγίας
1431 4412 1598 4480 splenderet
1607 4415 1757 4465 aemulatio
1768 4421 1915 4480 cessasset,
1928 4421 2012 4466 tetra·

334 4483 472 4546 quattuor,
485 4481 602 4545 ratione,
615 4497 666 4532 uec
678 4487 744 4546 puto
757 4480 789 4533 de
800 4497 855 4533 una
867 4481 1024 4548 tetralogia,
1036 4483 1160 4548 quamvis
1186 4481 1276 4546 logias
1292 4481 1340 4532 vix
1354 4480 1441 4545 ullae,
1465 4481 1513 4533 sed
1531 4481 1655 4548 singulae
1676 4481 1835 4549 plerumque
1858 4482 1969 4534 fabulae
1985 4483 2012 4532 in

333 4563 368 4600 ex
381 4546 468 4599 tribus
480 4549 632 4614 tragoediis
644 4555 672 4600 et
685 4549 808 4600 dramate
825 4550 942 4615 satyrico
955 4555 1106 4615 composita
1118 4565 1160 4602 es·
1187 4564 1299 4600 scenam
1312 4549 1461 4613 productae
1473 4565 1534 4601 esse
1546 4550 1682 4601 videntur.

335 4619 385 4680 set,
398 4631 517 4680 uuquam
534 4616 636 4668 dictum
648 4633 710 4669 esse
722 4632 833 4668 numero
846 4617 946 4683 plurali
962 4621 1023 4680 ταῖς
1035 4615 1160 4682 πρώταις
1237 4614 1276 4680 “J
1293 4618 1336 4668 De
1354 4617 1503 4683 exemplari
1515 4618 1648 4684 Lycurgi,
1667 4618 1738 4684 quod
1754 4619 1938 4670 Athenienses
1951 4619 2012 4671 Ale·

333 4679 501 4750 τραγῳδίαις
512 4685 558 4735 vel
568 4688 627 4746 τοῖς
639 4683 763 4750 πρώτοις
771 4683 890 4749 δράμασι
901 4687 1019 4750 νικήσαι,
1034 4687 1099 4737 λίσαι
1109 4687 1160 4738 hoc
1187 4685 1331 4736 xaudriam
1347 4685 1382 4736 ad
1394 4685 1583 4736 Ptolemaeum
1598 4687 1766 4752 Euergetam
1783 4687 1902 4750 misisse,
1920 4703 2012 4740 verum

337 4767 443 4818 quoque
457 4757 531 4802 recte
545 4750 646 4805 dictum
659 4755 704 4815 sit,
718 4755 742 4804 si
754 4753 911 4819 exruliquis
922 4755 1013 4806 verbis
1028 4758 1162 4820 appareat
1188 4769 1242 4804 nou
1263 4755 1274 4803 i
1295 4767 1352 4804 sum
1369 4769 1560 4819 recuperasse,
1584 4754 1632 4806 sed
1650 4754 1836 4820 apographum
1853 4754 1960 4818 (καινὰς
1977 4753 2013 4818 βί-

335 4836 477 4874 numerum
490 4820 623 4886 pluralem
639 4837 695 4872 noa
708 4821 740 4872 de
756 4820 880 4888 pluribus
897 4819 1093 4884 διδασκαλίαις,
1113 4822 1161 4873 sed
1188 4769 1292 4885 βλουςί)
1303 4822 1376 4886 regis
1392 4823 1469 4872 iussu
1489 4822 1594 4872 factum
1615 4825 1760 4890 accepisse·
1776 4828 1872 4874 narrat
1893 4821 2013 4874 Galenus

336 4890 369 4940 de
390 4903 445 4939 uua
467 4887 668 4954 quadripertita
686 4889 899 4955 intelligendum
920 4905 990 4942 esse.
1030 4889 1163 4942 Similiter
1189 4890 1241 4944 vol.
1254 4891 1278 4940 9.
1297 4905 1323 4955 p.
1337 4893 1394 4940 240.
1412 4889 1454 4940 ed.
1472 4889 1579 4954 chart,
1597 4893 1710 4956 egregia
1729 4896 1772 4942 cst
1791 4891 1901 4942 Ottonis
1918 4893 2014 4943 Kornii

336 4957 416 5008 unius
433 4955 591 5021 tragoediae
613 4973 711 5008 nornen
728 4974 777 5024 pro
794 4963 854 5009 tota
875 4958 1024 5025 tetralogia
1042 4959 1162 5024 ponitur,
1189 4958 1358 5022 dissertatio,
1375 4958 1488 5009 Bonane
1502 4959 1577 5009 edita
1589 4973 1614 5008 a.
1629 4960 1714 5023 1863,
1728 4960 1804 5010 cuius
1817 4958 2014 5025 disputationis

335 5023 411 5076 velut
427 5025 456 5075 in
475 5025 612 5089 excerptis
631 5025 664 5077 de
679 5027 739 5076 vita
751 5025 891 5092 Euripidis
910 5026 1004 5090 (schol.
1018 5027 1059 5088 ed.
1073 5025 1164 5078 Oxou.
1189 5041 1293 5078 summa
1304 5025 1372 5076 haec
1386 5029 1428 5076 est
1439 5024 1476 5092 (p.
1490 5024 1543 5090 24.)
1562 5026 1720 5092 “eaemplum
1735 5027 1878 5090 fabulamur
1895 5028 2016 5092 Aeschyli

334 5093 389 5147 vol.
405 5095 427 5142 1.
442 5109 468 5158 p.
482 5094 512 5156 4,
527 5090 579 5158 10.)
597 5091 700 5156 ἤρξατο
717 5092 856 5146 διδάσκειν
873 5092 920 5145 ἐπί
934 5092 1052 5146 Καλλίου
1064 5092 1162 5159 ἄρχον·
1190 5094 1323 5159 Sophoclis
1343 5094 1478 5159 Euripidis
1500 5095 1618 5160 Lymrpo
1645 5101 1749 5147 anctore
1771 5097 1910 5159 consectum
1936 5110 2014 5162 neque

337 5173 386 5222 τος
398 5186 431 5196 -
443 5162 560 5225 πρῶτον
571 5157 602 5210 δὲ
613 5157 715 5212 ἐδίδαξε
728 5160 778 5224 τὰς
790 5160 937 5226 Πελιάδας,
953 5162 1002 5214 ὅτε
1014 5162 1059 5214 καὶ
1070 5160 1164 5227 τρίτος
1191 5177 1274 5214 ornnes
1290 5163 1376 5212 horam
1392 5171 1524 5227 poetaram
1539 5163 1641 5226 fabulas
1652 5166 1808 5229 complexam
1819 5171 1859 5214 ert
1870 5180 1949 5230 neque
1962 5179 2014 5214 ena

336 5227 464 5292 ἐγένετο,
482 5228 499 5278 i.
513 5244 537 5278 e.
553 5227 682 5280 Peliades
699 5245 759 5279 cum
772 5230 877 5281 duabus
894 5230 958 5281 aliis
974 5230 1120 5296 tragoediis
1136 5237 1165 5282 et
1189 5231 1308 5296 praebuit
1324 5236 1420 5281 tectura
1438 5231 1481 5298 qui
1497 5232 1533 5282 αιί
1547 5239 1680 5296 poetarum
1693 5232 1854 5298 autographa
1871 5249 1943 5299 quom
1952 5247 2014 5297 pro·

338 5296 460 5347 dramate
474 5297 603 5360 satyrico,
617 5300 645 5346 at
653 5294 837 5351 ἐπιδείξασθαι
848 5297 882 5349 τὸ
892 5297 982 5363 δρᾶμα
993 5315 1042 5364 pro
1054 5298 1108 5362 τὴν
1120 5312 1163 5349 τε·
1189 5301 1256 5350 sime
1275 5299 1421 5359 accederet,
1439 5301 1486 5350 sed
1503 5299 1583 5365 qualis
1600 5301 1707 5351 decursa
1724 5302 1845 5365 temporis
1861 5301 1888 5350 in
1899 5315 1944 5350 usa
1961 5315 2014 5351 ece·

336 5362 488 5428 τριιλογίαν
505 5364 577 5430 apud
595 5363 706 5414 Suidam
724 5381 782 5418 av.
796 5363 950 5432 Εὐριπίδης.
978 5367 1020 5416 De
1036 5367 1165 5432 Aeschyli
1191 5383 1239 5418 nae
1253 5366 1284 5418 οδ
1300 5367 1463 5418 histrionibus
1474 5368 1644 5430 conformatas
1656 5376 1720 5420 erat.
1743 5369 1959 5434 interpolationes
1971 5383 2015 5418 aa·

337 5431 447 5498 Septem
467 5431 502 5482 ad
519 5431 630 5482 Thebas
648 5435 676 5482 et
692 5432 784 5486 Persis
800 5434 902 5485 tabulis
919 5435 1120 5500 Aristophanes
1137 5436 1164 5485 iu
1192 5443 1239 5486 lem
1256 5442 1367 5487 aelorum
1385 5451 1448 5502 quae
1466 5436 1492 5486 in
1509 5436 1610 5488 scholiis
1627 5439 1763 5488 traduntur
1775 5453 1805 5488 eo
1817 5445 1929 5502 tempore
1941 5444 2014 5487 notae

337 5501 426 5550 Ranis
443 5501 516 5552 1031.
530 5501 603 5552 1038.
616 5501 656 5550 ita
669 5499 788 5565 loquitur
798 5508 829 5553 ut
842 5501 1000 5568 singulatim
1014 5505 1042 5552 iu
1054 5517 1166 5554 scenam
1192 5519 1247 5553 esse
1264 5505 1387 5567 uidentur,
1407 5506 1475 5570 qnod
1489 5505 1540 5566 snit
1558 5509 1625 5555 inter
1636 5507 1838 5570 compositionem
1850 5507 1960 5570 exempli
1969 5519 2014 5570 pa-

338 5568 497 5618 commissae
514 5567 604 5619 videri
620 5573 745 5633 possent.
763 5570 817 5619 nisi
834 5571 986 5636 tetralogiis
999 5571 1111 5637 (olymp.
1124 5573 1165 5635 78,
1191 5571 1250 5622 ilici
1263 5574 1339 5638 idque
1351 5574 1537 5624 Alexandrina
1549 5571 1723 5628 translatura.”
1758 5574 1837 5624 Dixit
1849 5574 1883 5623 da
1897 5588 1929 5624 eo
1941 5577 1970 5623 at
1983 5570 2015 5621 ds

339 5640 362 5686 l.
381 5637 421 5699 78,
433 5634 469 5700 A.)
486 5633 607 5687 inclusas
620 5635 706 5689 iuissc
719 5636 829 5689 aliunde
843 5643 992 5690 constaret.
1191 5639 1354 5692 histrionum
1365 5639 1464 5691 studiis
1477 5641 1560 5691 etiam
1573 5641 1766 5716 Bernhardyus
1778 5657 1804 5706 p.
1818 5643 1874 5693 109.
1887 5655 1961 5706 seqq.

690 5721 701 5746 ,
2004 5731 2005 5738 ,
