4248 6596
710 522 1052 574 ΑΡΙΣΤΟΦΔΝΟΤΣ
1082 524 1256 574 ΕΙΡΗΝΗ.
1796 523 1838 586 67

136 673 222 753 νης.11
266 674 386 753 ἄδηλον
410 672 486 756 οὖν,
512 629 618 752 φησίν
634 625 961 752 Ἐρατοσθένης
912 674 1051 753 πότερον
1074 677 1131 752 τὴν
1154 629 1254 753 αὐτὴν
1278 630 1477 752 ἀνεδίδαξεν,
1507 675 1667 754 ήὲτέραν
1690 679 1836 756 καθῆκεν,

135 777 202 855 ἥτις
231 775 270 841 ού
300 779 445 842 σώζεται.
491 775 612 855 Κράτης
639 776 747 854 μέντοι
774 775 833 839 δύο
863 775 932 840 οἰδε
960 776 1103 856 δράματα
1129 775 1267 857 γράφων
1296 775 1402 854 οὕτως
1436 775 1533 842 “’ἀλλ
1562 777 1682 853 ούνγε
1711 777 1838 855 ἐντοῖς

135 881 354 958 Ἀχαρνεῦσιν,
378 878 398 954 ἢ
423 876 688 956 Βαβυλωνίοις,’ἢ
674 899 693 955 η
716 877 850 960 έντῇὲ
851 878 928 961 τέρᾳ
951 877 1098 961 Εἰρήνη.”
1143 878 1193 942 καί
1214 877 1385 957 σποράδην
1402 877 1443 942 δέ
1464 899 1534 943 τινα
1556 880 1717 1037 ποιήματα
1739 899 1839 958 παρα-

134 981 259 1050 τίθεται
282 978 401 1057 ἃπερέ
404 999 421 1044 ν
444 984 481 1060 τῇ
505 982 565 1043 νύν
587 979 752 1062 φερομένῃ
775 977 833 1042 ούκ
856 978 954 1066 ἔστιν,

164 1081 276 1154 lll.
322 1082 500 1159 Τρυγαῖος·
529 1078 681 1158 ἄγροικος
709 1079 893 1159 πρεσβύτης
917 1045 1086 1159 Ἀθήνησιν
1109 1079 1291 1160 ὀχούμενος
1320 1081 1371 1146 έπὶ
1394 1079 1599 1159 κανθάρου(
1585 1083 1665 1162 υπὲρ
1688 1085 1745 1160 τῆς
1768 1084 1838 1145 “-Ελ

135 1139 234 1261 λάδος
257 1181 303 1260 εἰς
326 1184 384 1246 τόν
407 1181 551 1261 ούρανὸν
573 1180 779 1261 ἀναφέρεται.
824 1182 1002 1261 γενόμενος
1030 1183 1066 1246 δὲ
1088 1181 1167 1246 κατὰ
1188 1184 1247 1261 τήν
1270 1187 1328 1248 τού
1351 1183 1435 1261 Διὸς
1459 1182 1560 1249 οἰκίαν
1582 1183 1770 1264 ἐντυγχάνει
1791 1191 1838 1268 τῷ

134 1287 229 1368 Ἐρμῇ
257 1285 307 1349 καί
335 1283 443 1347 ἀκούει
466 1282 525 1365 ότι,
549 1283 818 1360 μετοικισαμένων
840 1287 908 1349 τῶν
931 1289 1016 1348 θεῶν
1039 1282 1085 1360 εἰς
1107 1284 1146 1346 τά
1168 1287 1227 1347 τοῦ
1255 1283 1398 1362 ούρανοῦ
1422 1284 1596 1350 ἀνωτάτωί
1621 1285 1673 1348 διά
1694 1287 1838 1363 τὴντῶν

133 1387 298 1465 Ἑλλήνων
328 1383 596 1464 ἀλληλοκτονίαν,
630 1383 873 1463 ένοικισάμενος
902 1385 921 1448 6
944 1384 1095 1463 Πόλεμος
1123 1383 1168 1462 εἰς
1197 1383 1318 1464 ἄντρον
1345 1387 1403 1464 τήν
1427 1385 1565 1466 Εἰρήνην
1593 1385 1699 1465 εἵρξας
1728 1386 1838 1464 λίθους

133 1489 359 1568 ἐπιφορήσειε,
381 1487 431 1550 καί
452 1490 513 1550 νῦν
536 1486 642 1564 μέλλει
664 1486 723 1565 τάς
745 1485 857 1564 πόλεις
880 1485 1027 1566 ἐμβαλῶν
1051 1486 1086 1550 έν
1110 1486 1198 1568 θυείᾳ
1220 1487 1345 1566 τρίβειν.
1391 1489 1440 1552 καὶ
1462 1489 1551 1568 μέχρι
1573 1487 1631 1566 μέν
1653 1509 1742 1564 τινος
1766 1487 1838 1552 ένα-

79 1607 85 1612 ·
132 1593 253 1668 γώνιος
282 1589 416 1664 γίνεται·
447 1588 515 1652 ἐπεὶ
538 1587 573 1652 δὲ
595 1588 882 1665 μεταπεμπομένου
908 1590 967 1651 τού
990 1587 1142 1664 Πολέμου
1166 1589 1253 1667 παρὰ
1276 1565 1451 1668 Ἀθηναίων
1479 1591 1612 1654 δοίδυκα
1636 1589 1767 1653 Κλέωνα
1789 1590 1839 1652 καὶ

132 1692 221 1770 παρά
242 1691 501 1768 Λακεδαιμονίων
526 1689 686 1768 Βρασίδαν
714 1687 858 1768 ἑκάτεροι
880 1690 1061 1769 χρήσαντες
1090 1688 1332 1754 ἀπολωλεκέναι
1360 1689 1405 1768 εἰς
1428 1691 1557 1774 Θρᾴκην
1585 1690 1732 1770 ἔφασαν,
1761 1689 1838 1755 ἀνα-

132 1795 254 1873 θαρρεῖΙ
285 1793 335 1856 καί
358 1791 393 1858 έν
417 1793 443 1874 ᾧ
467 1793 538 1870 περὶ
560 1791 760 1869 κατασκευήν
789 1789 939 1868 δοίδυκος
963 1787 981 1852 6
1003 1789 1155 1868 Πόλεμος
1177 1790 1312 1872 γίνεται,
1333 1791 1487 1870 ’κηρύττει
1509 1793 1587 1870 τούς
1611 1793 1837 1874 δημιουργούς,

132 1895 178 1960 ἔτι
206 1895 241 1959 δὲ
269 1895 320 1958 καὶ
350 1892 519 1972 ἐμπόρουςΙ
541 1889 604 1971 ἅμα
631 1892 773 1970 μοχλούς
802 1895 852 1957 καὶ
881 1891 1011 1971 σχοινία
1040 1890 1200 1970 λαβόντας
1230 1894 1478 1972 παραγενέσθαι.
1525 1895 1780 1974 συνδραμόντων
1803 1896 1839 1958 δὲ

132 2000 266 2062 πολλῶν
294 1991 329 2061 ἐν
357 1998 459 2074 χοροῦ
487 1994 623 2072 σχήματι
651 1995 825 2072 προθύμως
855 1992 987 2073 ἀφέλκει
1016 2013 1049 2057 τε
1074 1993 1151 2072 τοὺς
1175 1993 1286 2072 λίθους
1309 1993 1459 2086 ἀπὸ,τοῦ
1490 1993 1610 2075 ἄντρου
1639 1996 1688 2059 καὶ
1716 2003 1838 2061 καθικε-

132 2101 254 2176 τεύσας
281 2098 340 2162 τόν
362 2097 480 2175 Ἑρμῆν
509 2095 725 2176 συλλαβέσθαι
754 2095 856 2170 ἐξάγει
884 2093 969 2173 πρὸς
991 2094 1028 2158 τὸ
1051 2100 1126 2175 φῶς
1149 2096 1206 2172 τήν
1231 2094 1378 2175 Εἰρήνην,
1423 2095 1598 2175 ἀσμένωςθ
1625 2099 1660 2162 δὲ
1682 2101 1739 2176 τῆς
1762 2102 1838 2177 θεάς

43 2217 48 2228 ·
131 2203 231 2266 πᾶσιν
255 2198 431 2280 ὀφθείσης,
462 2199 511 2262 καί
532 2199 607 2276 παρ’
634 2197 732 2275 αὐτὴν
756 2197 877 2274 εὐθέως
901 2196 1052 2274 Ὀπώρας
1075 2217 1109 2260 τε
1133 2198 1182 2260 καί
1205 2188 1352 2277 Θεωρίας
1375 2196 1626 2280 ἀναφανεισῶν,
1658 2202 1838 2279 συμπαρὼν

131 2303 291 2380 ὁίΕρμῆς
320 2299 561 2378 ἀνιστορούσης
588 2320 616 2362 τι
643 2303 700 2376 τῆς
731 2297 867 2377 Εἰρήνης
897 2299 947 2360 καὶ
974 2299 1220 2377 πυνθανομένης
1248 2299 1287 2363 τά
1316 2299 1387 2379 περὶ
1415 2300 1473 2364 τόν
1497 2300 1656 2378 Τρυγαῑον
1685 2305 1839 2383 διασαφεῖ

131 2405 170 2469 τὰ
200 2404 332 2468 δέοντα·
365 2401 462 2466 πάλιν
490 2399 758 2481 ἀποφαινομένης
787 2399 872 2478 πρὸς
900 2401 997 2462 τοῦτο
1026 2399 1152 2477 μηνύει,
1189 2401 1442 2480 προδιελθόντας
1473 2401 1573 2466 αὐτοῦ
1602 2402 1653 2466 καί
1680 2405 1752 2482 περὶ
1780 2408 1837 2482 τῆς

131 2504 233 2585 ἀρχῆς
261 2507 318 2568 τού
346 2504 493 2580 πολέμου
521 2502 572 2566 καὶ
599 2503 638 2566 δι’
666 2501 706 2578 ἃς
728 2499 829 2577 αἰτίας
852 2499 1011 2578 συνέστη,
1041 2501 1169 2564 Φειδίου
1191 2522 1225 2565 τε
1253 2503 1303 2565 καὶ
1325 2502 1522 2581 Περικλέους
1544 2504 1755 2582 μνησθέντος.
1798 2505 1837 2570 τά

132 2607 229 2671 λοιπά
258 2609 316 2670 τοῦ
344 2605 507 2683 δράματος
526 2603 587 2666 έπί
613 2606 671 2680 τῆς
699 2605 760 2680 γῆς
790 2602 850 2680 ήδη
879 2600 1077 2680 περαίνεται,
1109 2603 1159 2666 καί
1188 2603 1206 2666 ὁ
1235 2604 1292 2680 μὲν
1320 2604 1421 2682 χορὸς
1445 2606 1595 2684 περὶτῆς
1618 2609 1836 2685 τοῖιποιητού

130 2709 246 2788 τέχνης
268 2705 415 2786 χάτέρων
436 2708 533 2769 τινῶν
556 2704 640 2782 πρὸς
663 2704 741 2781 τούς
764 2701 880 2780 θεατάς
903 2703 1095 2779 διαλέγεται,
1119 2703 1137 2766 6
1161 2705 1196 2767 δὲ
1219 2704 1394 2782 Τρυγαῖος,
1422 2707 1503 2770 καθά
1526 2706 1700 2774 συνέταξεν
1723 2708 1743 2771 6
1766 2710 1836 2788 Ἑρ-

132 2815 208 2891 ρῆς,
236 2811 295 2887 τὴν
322 2809 378 2886 μέν
402 2805 549 2884 Θεωρίαν
578 2811 616 2888 τῇ
645 2807 745 2888 βουλή
769 2804 991 2885 συνέστησεν,
1018 2804 1122 2882 αὐτὸς
1151 2807 1187 2868 δὲ
1209 2807 1267 2883 τήν
1290 2807 1442 2885 Ὀπώραν
1465 2809 1577 2885 γαμεῖν
1600 2809 1753 2886 διαγνούς
1776 2811 1835 2888 τὴν

132 2911 269 2991 Εἰρήνην
291 2909 430 2988 ἱδρύεται
438 2955 448 2988 ,
477 2908 526 2970 καί
549 2907 652 2983 θύσας
662 2906 674 2944 '¹
697 2906 733 2970 έν
756 2913 801 2990 τῷ
825 2893 989 2984 προφανεῖ
1011 2906 1096 2984 πρός
1119 2905 1258 2986 εὐωχίαν
1281 2909 1438 2986 τρέπεται.
1487 2909 1634 2974 ἐντεῦθεν
1658 2909 1691 2974 οἵ
1712 2931 1746 2975 τε
1768 2915 1834 2975 τῶν

130 3012 296 3092 εἰρηνικῶν
319 3009 433 3074 ὅπλων
456 3009 642 3086 δημιουργοι
664 3006 832 3087 χαίροντες
854 3007 905 3070 καὶ
927 3006 958 3070 oi
979 3010 1046 3071 τῶν
1068 3009 1251 3085 πολεμικῶν
1266 3009 1443 3088 τοῦμπαλιν
1459 3011 1637 3089 κλαίοντες.
1676 3011 1836 3088 εἰσάγεται

129 3117 165 3179 δὲ
194 3114 244 3177 καί
273 3113 324 3176 ἐπὶ
351 3111 433 3176 τέλει
460 3113 519 3174 τοῦ
547 3110 647 3184 λόγου
676 3107 785 3172 παιδία
812 3109 883 3172 τινά
911 3111 978 3172 τῶν
1008 3108 1211 3187 κεκλημένων
1248 3110 1299 3174 ἐπὶ
1326 3111 1363 3174 τό
1395 3114 1527 3177 δεῖπνον
1556 3114 1694 3188 λέγοντα
1722 3114 1833 3192 ῥήσεις

128 3212 381 3292 γελωτοποιούς.
420 3212 457 3276 τὸ
481 3213 516 3274 δὲ
546 3203 649 3289 δρᾶμα
675 3213 740 3275 τῶν
770 3208 852 3285 ἄγαν
882 3209 1198 3288 ἐπιτετηδευμένων.1
1243 3212 1327 3275 τόδ
1308 3211 1553 3293 δὲκεφάλαιον
1580 3217 1639 3294 τῆς
1662 3190 1831 3298 κωμῳδίας

129 3317 199 3381 ἐστὶ
225 3320 340 3380 τοῦτο·
378 3312 588 3394 συμβουλεύει
611 3312 789 3389 Ἀθηναίοις
813 3311 1010 3375 σπείσασθαι
1032 3311 1116 3390 πρὸς
1140 3312 1411 3391 Λακεδαιμονίους
1441 3316 1591 3393 καὶτοὺς
1614 3315 1735 3394 ἄλλους
1758 3319 1833 3380 Ἕλ-

130 3423 239 3496 ληνας.
284 3415 324 3480 οὐ
344 3420 442 3480 τοῦτο
466 3416 500 3478 δὲ
522 3413 625 3493 μόνον
654 3412 734 3490 ὑπὲρ
764 3412 1150 3492 εἰρήνηςἈριστοφάνης
1178 3414 1216 3478 τὸ
1245 3418 1348 3492 δρᾶμα
1376 3414 1547 3492 τέθεικενί,
1576 3415 1659 3482 ἀλλά
1682 3418 1831 3496 καὶτοὺς

129 3520 304 3598 Ἀχαρνέας
327 3517 476 3594 καὶτοὺς
498 3516 626 3593 Ἱππέας
649 3515 698 3578 καί
720 3515 893 3593 Ὁλκάδας,
923 3515 973 3578 καὶ
996 3517 1162 3592 πανταχοῦ
1185 3519 1282 3579 τοῦτο
1307 3515 1527 3592 ἐσπούδακεν,
1557 3517 1614 3582 τὸν
1641 3519 1677 3582 δὲ
1702 3519 1832 3584 Κλέωνα

127 3624 295 3701 κωμῳδῶν
324 3620 382 3684 τόν
410 3611 621 3692 ἀντιλέγοντα
649 3617 699 3679 καί
721 3615 872 3694 Λάμαχον
901 3617 959 3680 τόν
982 3617 1206 3695 φιλοπόλεμον
1237 3617 1285 3679 ἀεὶ
1315 3617 1508 3696 διαβάλλων.
1553 3619 1604 3682 διὸ
1626 3620 1676 3682 καὶ
1697 3623 1757 3684 νῦν
1780 3622 1832 3684 διὰ

126 3722 245 3788 τούτου
274 3724 332 3785 τοῦ
360 3719 522 3799 δράματος
551 3717 678 3797 εἰρήνης
708 3717 828 3795 αὐτοὺς
855 3717 1016 3796 ἐπιθυμεῖν
1045 3720 1149 3793 ποιεῖ,
1178 3717 1303 3795 δεικνύς
1326 3717 1437 3783 ὁπόσα
1465 3719 1522 3797 μἐν
1544 3719 1563 3782 6
1586 3719 1730 3800 πόλεμος
1752 3724 1831 3786 κακά

127 3824 302 3904 ἐργάζεται,
327 3821 392 3886 ὅσα
414 3822 449 3884 δέ
472 3819 575 3894 ἀγαθά
596 3820 615 3897 ἡ
639 3817 746 3896 εἰρήνη
769 3821 863 3882 ποιεῖ.
908 3818 948 3882 06
969 3818 1071 3897 μόνος
1095 3819 1130 3883 δέ
1152 3820 1225 3898 περὶ
1246 3817 1374 3898 εἰρήνης
1390 3820 1660 3900 συνεβούλευσεν,
1684 3821 1831 3888 ἀλλὰκαὶ

126 3924 220 3990 ἄλλοι
242 3925 359 3988 πολλοί
380 3921 514 4001 ποιηταί.
559 3919 655 3985 οὐδὲν
677 3919 740 3998 γάρ
762 3920 958 3999 συμβούλων
982 3920 1149 4000 διέφερον·
1174 3919 1250 3985 ὅθεν
1274 3920 1394 4000 αύτούς
1409 3923 1460 3986 καί
1474 3924 1690 4003 διδασκάλους
1706 3924 1831 4003 ὠνόμα-

59 4013 65 4026 '
126 4042 207 4104 σαν,
237 4024 286 4089 ὅτι
314 4026 420 4089 πάντα
448 4024 488 4088 τὰ
516 4022 696 4102 πρόσφορα
725 4022 777 4084 διὰ
806 4022 978 4100 δραμάτων
1010 4021 1129 4099 αύτούς
1152 4022 1335 4087 ἐδίδασκον.
1380 4022 1507 4102 ἐνίκησε
1529 4026 1565 4087 δὲ
1587 4031 1632 4110 τῷ
1656 4025 1829 4104 δράματιό

126 4127 306 4206 ποιητὴςέ
307 4128 342 4190 πὶ
364 4109 525 4206 ἄρχοντος
548 4123 693 4188 Ἀλκαίου
716 4123 751 4187 ἐν
775 4123 882 4188 ἄστει
918 4123 1063 4201 πρῶτος1
1096 4123 1239 4201 Εὔπολις
1265 4124 1392 4206 Κόλαξι,
1416 4125 1568 4204 δεύτερος
1591 4127 1828 4208 Ἀριστοφάνης

126 4229 259 4312 Εἰρήνῃ,
292 4228 398 4307 τρίτος
425 4227 555 4292 Λεύκων
584 4225 751 4305 Φράτερσι.
806 4226 844 4290 τὸ
873 4227 909 4289 δε
942 4228 1045 4304 δράμα
1078 4224 1270 4308 ὑπεκρίνατο
1305 4227 1570 4310 Ἀπολλόδωρος,
1605 4227 1698 4306 ἡνίκα
1731 4228 1828 4308 ἑρμῆν

126 4330 356 4409 λοιοκρύτης.1η

124 4607 218 4656 ridere
233 4605 340 4656 lieetin
353 4609 447 4654 annot
461 4605 496 4654 66
509 4604 599 4667 Etym.
613 4605 647 4652 M.
661 4617 682 4652 a.
695 4619 720 4650 ν.
733 4603 820 4664 κῶλα,
834 4602 916 4664 ναθς,
935 4599 992 4662 σύμ
994 4599 1083 4664 β.ολα)
1116 4599 1293 4664 Ομωνύμως
1311 4605 1403 4664 autem
1422 4603 1529 4668 signifio
1524 4604 1581 4654 66
1574 4619 1602 4652 ιιι
1615 4607 1732 4668 utroque
1744 4602 1827 4657 Διδα-

123 4673 470 4804 ἕκᾶλὲύέἔθίἓξὲῐίαδυίαιπ
488 4672 652 4736 simpliciter
669 4667 771 4734 Εἰρήνη
795 4639 880 4720 ἰάίοσε
900 4669 1083 4734 appellatam,
1108 4669 1185 4720 nulla
1202 4669 1299 4720 addita
1318 4677 1384 4721 nota
1403 4685 1456 4736 ιμιιι
1473 4671 1561 4721 altera
1580 4667 1683 4735 Εἰρήνη
1701 4688 1718 4721 a
1736 4674 1826 4737 priore

209 4805 542 4873 ἰόἈριστοφάνηςίδν.
579 4805 659 4856 όοπι.
673 4805 767 4856 Aldus.
823 4802 825 4812 '

209 4877 286 4926 ⁸111.
298 4875 436 4940 Τρυγαῖος
448 4874 492 4940 -]
507 4877 567 4926 Hoc
580 4880 780 4938 argumentum,
794 4889 846 4938 quo
860 4879 937 4924 curet
950 4875 982 4937 R
996 4872 1122 4938 legitur·
1115 4890 1143 4923 16
1158 4877 1181 4924 V
1194 4877 1222 4923 et
1235 4873 1279 4926 ad.
1291 4874 1402 4938 Aldina,
1421 4875 1501 4925 ouius
1514 4875 1547 4924 de
1561 4875 1826 4940 interpolationibus

122 4945 202 4994 dixi'
194 4960 222 4994 ιιι
236 4949 328 4994 annot.
342 4943 377 4993 ad
391 4943 496 4993 scholia
508 4943 561 4993 vol.
574 4946 597 4994 3.
612 4957 638 5006 p.
653 4943 676 4990 3.

122 5080 139 5131 d
207 5009 445 5128 ἑάνωτάτω]ι
413 5011 529 5061 Videtur
545 5007 679 5060 ἀνιίιτατα
695 5009 853 5074 scripsisse:
878 5025 940 5058 nam
953 5008 1121 5060 adverbio
1099 5025 1122 5058 ιι
1134 5025 1201 5059 usna
1215 5015 1299 5072 esset
1318 5007 1354 5061 τά
1370 5007 1510 5060 ἀνωτάτω
1528 5012 1580 5061 τοθ
1596 5009 1719 5075 ούρανοῦ
1734 5014 1825 5078 potius

142 5081 204 5130 icen
226 5095 269 5128 um
295 5081 390 5130 uisset.

209 5153 219 5186 θ
237 5145 376 5211 ἀσμένως]
391 5145 521 5208 ἀσμένοις
534 5144 701 5205 Moinolrius,
715 5148 745 5193 ut
759 5150 803 5193 ost
815 5145 844 5193 in
858 5143 909 5193 hac
922 5142 1017 5194 fabula
1030 5160 1055 5194 ν.
1069 5146 1127 5195 582.

209 5213 221 5247 ¹¹
239 5214 326 5276 θύσας
339 5212 508 5278 Meinolrius]
524 5211 595 5263 οὖσα

209 5281 214 5314 ἰ
209 5281 500 5347 Ιἐπιτετηδευμένων
512 5279 560 5345 D]
575 5278 819 5342 ἐπιτετευγμένων

209 5349 373 5450 ῗτέθεικεν]
388 5351 463 5402 tort.
477 5350 608 5412 καθήκειν.

209 5416 395 5482 Ιπρῶτος-
408 5416 539 5481 δεύτερος
551 5413 598 5480 D.]
613 5417 774 5479 πρῶτον-
785 5413 918 5478 δεύτερον

207 5484 322 5550 ΙΙΙέρμήν
335 5483 510 5550 λοιακρότης]
524 5487 656 5536 Fortasse
670 5483 711 5534 ἔτ’
722 5481 779 5548 ῆν*
768 5481 930 5547 υποκριτής.
