4372 6614
305 533 325 596 6
822 497 823 504 ¹
961 535 1061 586 vrrs
1090 535 1312 586 sessurus

303 640 380 646 ··——
396 641 405 645 -
633 641 868 648 --.—--—-----—-
878 639 1032 646 -.---—.-.-.
1040 638 1108 644 m

355 687 484 752 Sequitur
498 693 530 739 ut
547 687 581 738 de
597 687 728 753 Aeschyli
743 687 820 753 poesi
837 686 959 749 dicatur,
977 698 1059 750 quem
1076 687 1129 736 etei
1157 686 1190 738 de
1208 689 1326 740 victoria
1347 688 1419 738 inter
1443 703 1473 740 ee
1491 685 1699 751 contenderent,
1722 701 1776 738 non
1797 689 1913 751 possunt
1932 684 1981 736 ali-

304 755 462 810 iustissimis
488 755 616 807 laudibus
641 755 862 820 praedicaverint
884 757 994 804 veteres
1018 759 1047 804 et
1069 753 1129 818 ipse
1157 759 1199 805 ter
1211 756 1327 820 cogitari
1344 770 1425 821 quam
1441 761 1473 806 ut
1484 761 1540 806 tres
1556 756 1655 820 quique
1673 759 1787 822 poetae,
1804 752 1979 818 quantumvis

304 823 376 874 adeo
398 823 611 890 Aristophanes,
635 826 800 888 tragicorum
826 826 967 887 poetarum
986 820 1130 872 multorum
1156 824 1267 888 ingenio
1278 825 1351 874 inter
1363 839 1392 873 se
1407 823 1587 888 dispares,‚in
1600 822 1794 888 componendis
1805 827 1835 872 et
1846 821 1982 872 adornan-

305 892 413 956 irrisor,
432 891 584 942 admiratus
596 891 646 954 sit,
660 895 751 942 tamen
763 889 1019 955 iamabiographis
1030 890 1130 939 veteri·
1157 891 1697 942 disfabulissuisidemiereconsilium
1712 893 1900 955 sequerentur.
1928 889 1981 940 Sed

304 961 354 1010 bus
375 959 403 1009 in
424 974 457 1009 eo
477 965 598 1010 erratum
618 974 679 1010 ease
696 959 803 1010 ridetur
824 958 896 1022 quod
912 956 1046 1021 Aeschylo
1067 955 1129 1020 soli,
1157 959 1433 1024 videamuasingula‚
1452 958 1597 1024 dequibus
1617 959 1711 1009 eadem
1729 959 1786 1010 iere
1803 957 1930 1009 hocloco
1947 959 1980 1008 ab

305 1028 405 1093 quippe
423 1033 565 1092 poetarum
581 1027 748 1092 tragicorum
766 1025 895 1090 principi,
915 1025 1031 1076 inventa
1050 1024 1130 1090 plura
1156 1043 1197 1078 me
1212 1027 1329 1078 dicende
1340 1033 1404 1077 sunt
1416 1041 1485 1093 quae
1499 1027 1527 1076 in
1539 1026 1607 1078 Vita
1620 1025 1765 1092 Sophoclis
1777 1025 1864 1078 sohss.
1878 1024 1980 1090 phili.

305 1095 472 1158 tribuerunt,
492 1097 522 1145 iu
544 1095 641 1161 quibus
661 1094 710 1144 ille
730 1093 800 1144 alios
819 1091 949 1158 quosdam
970 1097 1067 1158 poetas
1084 1092 1129 1143 vel
1156 1094 1300 1146 deiOron.
1315 1111 1339 1145 a.
1353 1097 1426 1146 1860.
1441 1094 1505 1144 dixi.

303 1167 468 1228 praeeuntes
486 1161 531 1214 sel
547 1163 695 1214 studiorum
712 1176 822 1212 suorum
838 1161 929 1212 socios
946 1168 973 1211 et
989 1159 1129 1210 adiutores
1206 1161 1298 1212 Prima
1310 1164 1378 1212 artis
1391 1163 1514 1227 tragicae
1532 1161 1686 1212 rudimenta
1703 1162 1738 1213 ab
1752 1160 1891 1227 Thespide
1907 1161 1981 1212 iacta

305 1229 434 1282 habuisse
450 1230 573 1292 videtur,
591 1245 702 1294 quorum
718 1229 847 1294 princeps
864 1227 936 1278 haud
950 1228 1031 1278 dubie
1043 1227 1128 1292 Phry·
1157 1245 1217 1280 esse
1231 1235 1349 1282 constat.
1383 1231 1464 1280 Hunc
1481 1229 1637 1295 tragoedias
1650 1229 1748 1280 docere
1765 1231 1887 1295 coepisse
1898 1227 1981 1293 olym-

305 1297 403 1348 nichus
420 1299 483 1349 luit.
517 1299 585 1349 Nam
600 1313 682 1362 quum
693 1296 843 1361 Aeschylus
858 1297 1017 1362 tragoedias
1031 1295 1129 1346 docere
1156 1297 1238 1363 piade
1255 1299 1295 1348 61.
1315 1297 1412 1349 Snidas
1430 1299 1575 1349 annotavit
1592 1311 1613 1348 s.
1632 1311 1656 1348 ν.
1674 1295 1791 1358 Θέσπιςι
1813 1312 1895 1362 quem
1915 1301 1981 1347 tern-

304 1367 428 1432 coeperit
443 1366 542 1431 olymp.
560 1369 605 1422 70.
626 1366 662 1427 1.‚
681 1380 736 1416 nou
751 1364 832 1430 longe
850 1369 913 1430 post
931 1365 1076 1414 institutas
1094 1363 1128 1413 ab
1158 1366 1230 1431 poris
1243 1369 1336 1417 notam
1350 1365 1491 1416 confirmat
1505 1381 1621 1415 marmor
1633 1363 1744 1416 Parium
1756 1365 1785 1414 in
1799 1363 1878 1430 (torp.
1891 1365 1978 1414 Inscr.

305 1431 447 1484 Clisthene
464 1433 573 1498 (olymp.
590 1434 631 1496 61,
648 1433 683 1492 3.)
700 1431 795 1483 decem
811 1432 1021 1482 Atheniensium
1041 1431 1129 1480 tribus
1157 1432 1210 1484 sol.
1224 1435 1249 1484 i.
1261 1450 1289 1498 p.
1302 1436 1359 1496 301,
1373 1434 1415 1484 58.
1428 1433 1476 1483 ubi
1488 1433 1625 1484 videndae
1638 1433 1770 1484 Boeckhii
1788 1433 1983 1484 annotationes

305 1507 333 1552 ct
353 1507 496 1566 postquam
516 1501 705 1564 choragorum,
730 1501 776 1564 qui
796 1507 900 1552 sumtus
920 1499 992 1550 ludis
1012 1499 1130 1550 scenicis
1158 1503 1253 1567 pili.
1271 1506 1299 1552 et
1316 1503 1374 1553 331.
1407 1502 1560 1550 Praemium
1573 1501 1731 1566 tragoediae
1751 1500 1862 1551 docenti
1880 1499 1983 1550 hircum

304 1569 482 1634 praeberent,
501 1567 623 1632 officiat
640 1569 695 1618 iam
712 1567 797 1618 certis
812 1567 948 1618 adstricta
964 1566 1073 1632 legibus
1090 1583 1130 1618 es·
1157 1570 1325 1634 propositum
1342 1569 1428 1620 inisse
1445 1567 1590 1632 Thespidis
1611 1572 1705 1620 aetate
1727 1566 1808 1632 (unde
1827 1583 1924 1618 nomen
1942 1567 1982 1616 ia·

304 1642 379 1700 sent,
392 1661 425 1674 -
438 1637 508 1700 quod
520 1651 572 1701 quo
586 1651 657 1686 auno
671 1636 774 1686 iactum
787 1635 823 1686 sit
836 1637 971 1686 nescimus
982 1661 1023 1698 —,
1038 1639 1127 1686 certa·
1156 1643 1229 1688 ctum
1237 1633 1405 1702 τραγῳδίας)
1415 1636 1637 1702 chronographus
1645 1637 1869 1688 marmorieParii
1879 1635 1981 1700 aliique

304 1705 378 1755 mina
392 1710 529 1769 poctarum
539 1704 716 1768 tragicorum,
730 1703 777 1768 qui
786 1705 857 1753 terni
867 1703 1014 1768 quotannis
1026 1703 1054 1753 in
1063 1701 1129 1753 Dio·
1157 1709 1282 1756 narrant:
1296 1705 1346 1756 sed
1357 1706 1507 1756 certamina
1519 1708 1660 1770 poetarum
1675 1705 1787 1754 scenica
1798 1700 1980 1768 (ἐναγωνίους

302 1772 701 1906 titt..¹¹.ttt⁵.ttttu.
710 1769 1096 1904 {iustissimi
1098 1786 1130 1889 t
1155 1768 1281 1891 ittet
1296 1770 1983 1906 {ttritt‘tttttuttlt‘lthtt‘tt

353 1975 379 2042 ⁸)
396 1977 438 2027 De
457 1975 634 2040 choragorum
650 1974 749 2026 ciliciis
765 1974 835 2026 dixit
851 1973 1007 2026 Boeckhius
1024 1973 1128 2027 Oecon.
1154 1979 1179 2038 2,
1192 1979 1228 2028 A:
1248 1976 1293 2027 sot
1309 1974 1422 2040 πρῶτός
1438 1990 1471 2039 γε
1487 1974 1524 2039 ἦν
1541 1969 1697 2040 Ξενοκλῆς,
1716 1973 1794 2035 ὅστις
1810 1973 1881 2026 ποτὲ
1898 1971 1983 2036 οὗτὸς
2057 2005 2068 2025 .

303 2045 355 2098 vol.
370 2047 392 2097 1.
411 2061 438 2110 p.
451 2045 510 2096 600.
522 2057 598 2108 seqq.
617 2047 645 2094 et
662 2042 697 2094 de
713 2043 848 2094 sumtibus
864 2042 988 2093 ludorum
1005 2043 1127 2094 scenico·
1155 2041 1241 2104 ἐστιν,
1260 2041 1386 2097 Οἰδίποδι
1398 2043 1443 2095 καί
1455 2042 1574 2096 Λυκάονι
1587 2044 1632 2094 καί
1642 2042 1759 2106 Βάκχαις
1772 2042 1818 2094 καί
1831 2040 1982 2105 Ἀθάμαντι

301 2129 361 2164 rnrn
372 2119 434 2178 post
445 2111 545 2175 olymp.
559 2114 600 2174 93,
612 2113 637 2164 4.
649 2111 731 2162 valde
744 2113 845 2162 accisis
854 2111 922 2170 ibid.
936 2127 962 2176 p.
972 2111 1030 2162 606.
1059 2109 1129 2160 Cho·
1155 2110 1308 2178 scruputi·
1325 2110 1430 2164 τούτου
1446 2111 1576 2176 δεύτερος
1593 2109 1740 2176 Εὐριπίδης
1756 2111 1792 2174 ἠν
1808 2108 1980 2176 Ἀλεξάνδρῳ

302 2197 427 2246 regorum
436 2185 529 2230 autem
538 2177 898 2244 oificiaDionysiisurbanis
907 2179 978 2238 (sire
988 2176 1019 2230 ὲν
1028 2176 1127 2241 άστει),
1155 2178 1373 2244 sollicitantibus
1384 2180 1428 2232 καί
1441 2178 1553 2245 Τρῳάσι
1563 2179 1608 2232 καί
1623 2177 1739 2244 Σισύφῳ
1753 2181 1902 2244 σατυρικῷ.
1927 2177 1982 2230 Sed

302 2251 351 2300 ubi
361 2247 517 2313 τραγῳδοῖς
529 2249 633 2308 καινοῖς
650 2252 678 2297 et
690 2247 755 2298 solis
774 2247 931 2314 tetralogiis
944 2247 1045 2298 centeri
1059 2245 1128 2296 ecle-
1156 2263 1248 2300 eorum
1256 2249 1438 2311 locorum,ubi
1447 2248 1610 2314 tetralogias
1621 2263 1719 2300 nomen
1728 2247 1757 2297 in
1769 2247 1820 2298 huc
1829 2262 1858 2296 re
1867 2261 1982 2310 usurpa-

302 2319 359 2375 bat,
373 2317 487 2368 florente
504 2314 644 2380 republica
659 2314 743 2366 valde
757 2321 898 2366 sumtuosa
915 2316 1027 2366 inerunt
1037 2341 1070 2351 -
1083 2328 1128 2377 με·
1155 2321 1208 2379 ινιτ,
1218 2317 1298 2382 longe
1309 2321 1353 2367 est
1362 2316 1418 2366 alia
1428 2316 1673 2382 eaquepecnlieris
1683 2316 1762 2366 ratio.
1780 2314 1982 2366 Etenimachol.

302 2383 392 2449 γάλην
409 2381 463 2447 ἤδη
479 2380 546 2434 τότε
562 2381 690 2447 σπουδήν
709 2383 755 2434 καί
770 2379 932 2446 φιλοτιμίαν
951 2383 1002 2432 τοῦ
1019 2380 1128 2444 ἀγῶνος
1154 2385 1251 2436 Avium
1272 2383 1463 2450 Aristophanis
1483 2399 1509 2435 v.
1532 2387 1590 2436 282.
1615 2383 1781 2448 tetralogias
1801 2381 1982 2432 Pandionidis

303 2453 427 2517 ἔχοντος,
444 2455 475 2501 ut
488 2451 530 2500 ait
541 2449 706 2502 Plutarchus
717 2451 748 2500 V.
771 2451 902 2502 Themist.
919 2465 942 2500 c.
955 2451 979 2500 b.
997 2451 1045 2502 ubi
1057 2451 1127 2502 The·
1154 2455 1319 2504 mentionem
1336 2453 1406 2503 iacit
1418 2452 1526 2503 omissis
1541 2451 1695 2502 fabularum
1711 2451 1880 2510 nominibus;
1898 2451 1946 2500 nbi
1957 2451 1983 2500 si

302 2519 434 2572 mistoclis
451 2519 641 2582 χορηγοῦντος
656 2517 811 2584 τραγῳδοῖς
828 2517 927 2584 olymp.
943 2521 988 2581 lb,
1001 2521 1025 2568 4.
1042 2519 1127 2570 victo·
1154 2535 1212 2570 eam
1223 2536 1277 2571 non
1289 2521 1405 2572 dixisset
1417 2521 1593 2584 tetralogiam
1603 2534 1677 2582 esse,
1690 2520 1799 2570 omniuo
1811 2520 1982 2583 nonpotuie·

303 2589 370 2640 riam
388 2591 519 2638 memorat
535 2611 566 2622 -·
584 2586 672 2636 minus
689 2591 829 2637 sumtuosa
846 2588 876 2636 in
892 2587 955 2638 aliis
968 2585 1050 2637 iestis
1061 2587 1128 2637 Bac·
1154 2593 1197 2638 set
1208 2589 1329 2654 perspici
1343 2587 1542 2639 Pandionidem
1559 2587 1786 2652 quadripartitam
1803 2585 1982 2638 didascalieum

303 2657 404 2718 obicis,
422 2655 470 2706 ubi
487 2657 597 2704 veteres
613 2669 720 2719 quoque
738 2654 864 2717 isbulae,
881 2655 898 2706 i.
914 2669 938 2704 e.
957 2669 1027 2718 quae
1045 2659 1128 2704 antea
1155 2655 1313 2722 significari.
1338 2656 1372 2707 In
1385 2655 1676 2721 Thesmophoriasnsis
1687 2660 1779 2706 autmn
1791 2670 1817 2706 ν.
1827 2655 1885 2706 142.
1900 2669 1982 2720 quum

302 2723 444 2787 Dionysiis
456 2722 570 2774 urbanis
580 2721 731 2787 productae
743 2726 845 2782 essent,
858 2723 904 2786 egi
917 2727 954 2783 at,
967 2726 999 2771 ut
1009 2722 1127 2791 videtur,
1156 2723 1230 2789 apud
1238 2725 1450 2790 Aristophanem
1459 2725 1551 2788 Lycur
1572 2724 1599 2772 'a
1611 2723 1752 2774 nominata
1764 2723 1808 2784 sit,
1823 2721 1892 2772 dicit
1903 2721 1981 2772 scho-

302 2808 356 2844 non
368 2790 454 2842 solum
467 2789 640 2854 tetralogias,
654 2790 796 2841 sedetiam
807 2789 1056 2854 iabulsesingulae
1069 2805 1129 2854 pro·
1156 2790 1267 2843 liastes:
1280 2792 1334 2856 τὴν
1342 2789 1552 2856 τετραλογίανλ
1567 2805 1609 2853 γει
1618 2789 1817 2854 Λυκούργειον,
1829 2788 1985 2852 Ἠδαινοὺς,

303 2860 365 2911 duci
376 2858 511 2910 solebant.
536 2859 632 2923 Neque
646 2859 718 2908 enim
730 2857 880 2908 verisimile
891 2863 934 2908 est
946 2857 1131 2908 Athenienses
1157 2857 1341 2924 Βασσαρίδας,
1362 2856 1543 2922 Νεανίσκονς,
1566 2857 1730 2923 Λυκοῦργον
1747 2857 1800 2908 τὸν
1816 2857 1981 2921 occupentur

303 2927 376 2979 solas
393 2930 534 2992 spectasse
552 2925 715 2991 tetralogias
731 2939 821 2990 neque
838 2925 922 2976 ullam
938 2939 1059 2989 unquam
1076 2927 1129 2975 sin·
1156 2943 1208 2992 quo
1227 2927 1288 2978 loeo
1310 2931 1388 2992 patet
1415 2943 1509 2979 vocem
1524 2927 1579 2991 τὴν
1600 2923 1784 2992 τετραλογίαν
1802 2926 1983 2991 praemissam

301 2995 426 3062 gularum
439 2993 593 3044 tabularum
611 2994 821 3058 spectandorum
838 2993 1072 3058 opportunitatem
1084 2993 1129 3044 ha·
1157 3009 1231 3058 esse,
1248 3001 1280 3046 ut
1292 2994 1496 3060 intelligeretur
1512 2994 1576 3060 quid
1589 2999 1663 3046 esset
1674 2995 1827 3060 Lycurgia‚
1843 3009 1982 3044 mancam-

300 3065 409 3115 bnisse:
429 3061 501 3127 quod
517 3063 675 3128 Droysenus
693 3063 845 3126 quoquein
856 3062 1084 3112 commentatione
1096 3061 1129 3111 de
1157 3077 1208 3129 que
1221 3063 1371 3114 orationem
1390 3064 1509 3114 futuram
1525 3063 1627 3126 inisse,
1645 3063 1670 3114 si
1687 3078 1721 3113 ea
1738 3077 1807 3113 voce
1824 3063 1925 3112 omissa
1938 3062 1981 3112 di-

301 3131 449 3197 tetralogie
465 3129 506 3194 (in
518 3129 730 3180 Zimmerrnanni
741 3129 894 3181 Annalibus
913 3145 938 3178 a.
953 3130 1027 3180 1844.
1044 3145 1084 3180 nr.
1099 3132 1129 3180 13
1157 3137 1230 3182 ctum
1248 3136 1334 3182 esset:
1356 3128 1545 3196 Λυκούργειον
1564 3129 1639 3193 λέγει
1656 3129 1797 3191 Ἠδιυναὺς
1819 3135 1848 3180 et
1866 3129 1982 3195 reliqua.

301 3197 391 3262 -16.)
409 3204 438 3250 ct
453 3199 608 3248 Karstonus
627 3197 666 3261 (in
685 3197 893 3260 dissertatione,
911 3213 991 3263 quam
1001 3197 1031 3246 in
1044 3211 1129 3248 anuc-
1156 3199 1259 3252 Eodem
1268 3200 1347 3250 modo
1360 3199 1522 3252 scholiastes
1534 3202 1672 3252 Ranerum
1685 3215 1709 3249 ν.
1721 3200 1795 3250 1155.
1805 3198 1867 3248 voci
1878 3197 1982 3248 Aristo·

302 3269 406 3319 tatione
423 3266 545 3332 proxima
561 3263 727 3331 memorabo)
745 3271 903 3329 senserunt,
925 3265 1049 3329 quamvis
1066 3263 1129 3316 aliis
1156 3267 1254 3332 phanis
1271 3265 1298 3319 ἐξ
1317 3265 1475 3332 Ὀρεστείας
1494 3267 1547 3318 hoc
1568 3268 1840 3331 interpretamentum
1862 3265 1981 3315 addidit:

302 3349 458 3467 ‘litiis
470 3333 1024 3464 ”ttttttlttttttilttt..
1041 3416 1074 3451 ..
1096 3415 1128 3452 e.
1155 3333 1392 3454 ’‘iiiiii'‘
1404 3347 1480 3454 imi
1492 3335 1546 3454 tt
1564 3334 1724 3454 'iiiiii
1746 3329 1982 3465 “tristitiis

301 3415 1129 3602 rs.tritmrestituturum:letis
1156 3416 1243 3603 ιίιί
1256 3417 1499 3603 loretelli
1513 3417 1982 3601 ‘ltertestemur

300 3555 362 3658 aege
378 3575 521 3667 vidintur,
544 3605 576 3654 de
595 3621 647 3670 quo
664 3607 767 3670 optime
784 3605 913 3656 disseruit
925 3605 1084 3656 Boeclrhius
1100 3605 1129 3654 in
1156 3604 1262 3670 λογίαν,
1281 3623 1367 3671 aeque
1385 3623 1482 3658 manca
1499 3609 1552 3658 crit
1568 3608 1749 3672 orationique
1767 3607 1795 3656 in
1812 3607 1902 3672 priore
1920 3605 1981 3655 loco

300 3675 444 3729 Prooemio
465 3673 627 3724 Lectionum
644 3672 862 3724 Berolineusium
885 3671 1057 3738 anni184¹l,.
1084 3689 1129 3722 cu·
1156 3681 1184 3726 et
1196 3675 1397 3738 desiderabitur
1407 3676 1554 3726 communis
1567 3679 1697 3740 quattuor
1706 3673 1814 3726 illarum
1828 3673 1982 3724 fabularum

303 3744 346 3792 ius
365 3757 468 3808 operae
489 3742 606 3806 pretium
631 3747 673 3792 est
694 3742 757 3806 ipsa
776 3741 878 3806 apponi
898 3741 984 3791 verba
1004 3742 1128 3806 ptr—6.
1158 3741 1320 3809 appellatio.
1355 3743 1459 3807 Quodsi
1477 3759 1510 3794 ex
1526 3743 1579 3794 hoc
1596 3745 1656 3808 ipso
1669 3741 1771 3793 cholio
1782 3741 1922 3807 colligitur
1933 3756 1981 3792 ve·

304 3809 442 3862 “Constat
459 3809 541 3860 moris
558 3809 643 3860 inisse
655 3809 770 3860 Athenis
787 3813 818 3858 ut
835 3809 864 3858 in
877 3809 990 3872 tragicis
1004 3811 1129 3860 certami-
1157 3815 1230 3862 teres
1243 3810 1338 3862 doctos
1350 3811 1526 3876 tetralogiam
1539 3825 1653 3862 vocasse
1667 3815 1798 3874 quattuor
1810 3809 1980 3860 didascalice

302 3879 383 3930 nibus
395 3876 500 3942 singuli
512 3881 611 3941 poetae
625 3881 719 3927 ternas
731 3876 890 3943 tragoediae
904 3876 1035 3927 docerent
1048 3881 1076 3926 et
1089 3877 1128 3928 ia·
1158 3878 1276 3941 fabulas,
1291 3893 1361 3944 quae
1374 3880 1457 3930 unius
1468 3878 1599 3929 historiae
1612 3879 1823 3928 continuitatem
1836 3877 1979 3936 referrent,

301 3946 395 3996 belam
408 3946 566 4010 satyricam,
583 3945 638 4008 sel,
658 3944 728 4010 quod
742 3945 776 3994 ab
789 3943 921 4009 Euripide
934 3944 1037 3994 iactum
1051 3945 1128 3996 novi·
1157 3961 1191 3998 ac
1204 3948 1228 3997 si
1240 3952 1340 4012 quarta
1353 3945 1448 3997 fabula
1466 3961 1526 3996 cum
1543 3947 1632 3996 tribus
1649 3945 1786 4012 prioribus
1803 3959 1857 3995 non
1871 3946 1982 3995 coniun·
2061 3981 2070 3994 .

302 4029 374 4078 mue,
396 4031 445 4079 pro
462 4013 584 4076 satyrica
605 4012 657 4062 hac
675 4011 844 4077 tragoediam
864 4012 947 4077 paulo
964 4012 1128 4075 hilariorem,
1157 4019 1201 4064 cta
1215 4019 1287 4066 esset
1299 4013 1347 4066 illu
1359 4015 1475 4076 ratione,
1489 4013 1640 4078 trilogiam‚
1655 4029 1708 4079 quc
1720 4013 1747 4064 id
1761 4015 1820 4064 iure
1832 4011 1981 4078 colligatur

304 4082 395 4146 qualis
408 4087 451 4132 est
462 4080 595 4130 Alcestis:
609 4080 680 4130 haec
691 4081 775 4144 igitur
788 4079 990 4144 quadripartita
1003 4079 1128 4130 didasca·
1156 4097 1210 4133 non
1231 4083 1417 4148 perspicimus.
1451 4082 1526 4132 Nihil
1546 4083 1621 4132 inest
1642 4083 1713 4132 enim
1734 4081 1792 4131 illis
1814 4079 1905 4132 serbis
1926 4081 1980 4130 nisi

192 4154 194 4160 '
301 4150 352 4210 lia,
374 4150 433 4201 sive
450 4163 591 4200 connexae
609 4148 726 4198 interae
746 4147 858 4198 fabulae
876 4147 980 4198 fuerint
997 4148 1055 4198 eive
1073 4164 1128 4198 non
1157 4151 1219 4201 hoe:
1243 4152 1380 4201 Orestiam
1398 4149 1483 4200 inisse
1505 4149 1692 4214 tetralogiam,
1711 4149 1900 4200 Aristarchum
1916 4164 1981 4198 vero

302 4233 404 4280 nexae,
423 4217 548 4284 plurimis
564 4216 626 4265 uisa
638 4219 682 4266 est
693 4213 860 4279 τετραλογία
871 4218 971 4265 vocata
983 4231 1054 4270 esse.
1077 4217 1128 4266 Ne·
1156 4223 1186 4268 et
1196 4217 1370 4283 Apollonium
1383 4217 1495 4283 dempta
1508 4219 1639 4282 cuiusque
1651 4217 1816 4283 tetralogias
1829 4216 1925 4268 labala
1937 4231 1981 4266 sa-

303 4301 353 4350 que
366 4284 442 4335 aliud
455 4283 594 4350 significat
605 4283 777 4347 Thrasyllus,
791 4299 823 4333 ex
851 4299 886 4333 uo
896 4283 1035 4346 Diogenes
1044 4285 1128 4334 Lacr·
1157 4287 1246 4348 tyrica
1259 4283 1355 4351 (χωρίς
1366 4287 1426 4338 τῶν
1443 4284 1614 4349 σατυρικῶν)
1631 4285 1763 4350 reliquam
1780 4284 1982 4350 tragoediarum

303 4356 358 4402 tius
370 4357 398 4406 3.
413 4355 452 4403 56.
469 4353 538 4402 haec
550 4351 636 4401 ret'ert
647 4349 681 4403 de
693 4352 822 4403 Platone:
865 4347 1003 4415 ράσυλλος
1015 4349 1045 4401 δέ
1058 4363 1128 4415 φησι
1156 4369 1314 4418 compagem
1333 4354 1462 4419 trilogiac
1480 4353 1613 4406 vocabulo
1631 4353 1801 4418 appellasse;
1824 4367 1895 4417 quac
1916 4356 1982 4402 nota

302 4419 348 4472 καί
364 4419 435 4470 κατά
455 4419 509 4483 τήν
529 4418 665 4484 τραγικὴν
686 4415 869 4483 τετραλογίαν
891 4417 1019 4476 ἐκδοῦναι
1040 4417 1127 4469 αὐτὸν
1156 4436 1238 4486 quum
1250 4437 1337 4486 aeque
1351 4422 1498 4472 conveniat
1514 4423 1543 4472 in
1556 4421 1724 4472 didascalice
1741 4437 1774 4471 ex
1787 4421 1889 4472 diversi
1902 4435 1981 4486 argu-

302 4487 368 4548 τοὺς
379 4485 537 4549 διαλόγους·
557 4484 620 4538 οἷον
633 4485 734 4538 ἐκεῖνοι
750 4485 862 4550 τέτρασι
878 4485 1014 4550 δράμασιν
1027 4483 1128 4550 ἠγωνί-
1157 4489 1242 4538 menti
1260 4489 1361 4540 fabulis
1383 4491 1562 4554 compositas,
1583 4492 1693 4540 minime
1712 4489 1792 4539 docet
1813 4487 1980 4552 tetralogias

301 4557 399 4618 Ζσντα,
419 4553 461 4605 ὧν
473 4555 506 4605 τὸ
518 4553 657 4619 τέταρτον
674 4555 710 4619 ἢν
727 4553 889 4617 σατυρικόν·
907 4551 943 4606 τά
959 4553 989 4606 δὲ
1007 4552 1128 4619 τέτταρα
1151 4573 1254 4608 momen
1268 4563 1296 4607 et
1308 4557 1380 4622 quud
1393 4557 1429 4608 ad
1441 4557 1520 4608 huius
1533 4557 1737 4608 similitudinem
1752 4556 1950 4606 conformatum
1962 4571 1981 4606 a

301 4621 428 4688 δράματα
439 4621 567 4674 ἐκαλεῖτο
579 4619 754 4688 τετραλογία.
789 4623 950 4688 Nuperrime
965 4623 1071 4674 demum
1083 4639 1127 4674 ex·
1156 4627 1342 4690 grammaticis
1359 4634 1400 4676 est
1416 4625 1543 4690 trilugiae
1563 4628 1701 4690 pertinere
1719 4625 1755 4674 ad
1773 4623 1883 4675 fabulas
1902 4639 1981 4688 argu-

301 4693 420 4742 titerunt
442 4691 489 4756 qui
510 4694 669 4758 ιειναίορίσνι
694 4691 844 4742 vocandam
869 4705 930 4742 esse
952 4691 1130 4757 perhiberent
1155 4696 1246 4744 mento
1260 4695 1429 4744 coniunctas.
1463 4694 1499 4742 At
1516 4698 1626 4744 veteres
1643 4691 1715 4742 docti
1728 4692 1764 4742 ud
1777 4690 1982 4742 similitudinem

302 4775 363 4810 eam
376 4758 462 4810 solam
480 4758 670 4823 didascaliam,
690 4773 761 4824 quae
774 4765 830 4810 tres
847 4757 1062 4824 comprehendat
1074 4764 1128 4810 tra·
1156 4757 1316 4825 tragoediae
1328 4761 1453 4814 Platonis
1465 4760 1550 4812 libros
1563 4777 1619 4825 eos,
1633 4761 1720 4824 quiin
1734 4759 1828 4810 eodem
1842 4759 1887 4822 gel
1900 4758 1983 4810 simili

303 4828 417 4893 goedias
439 4829 626 4892 perpetuitate
648 4826 766 4893 quadam
789 4827 906 4878 actionis
930 4827 975 4877 vel
997 4827 1127 4878 historiae
1156 4833 1316 4893 argumento
1338 4833 1527 4889 versarentur,
1552 4829 1579 4878 in
1604 4828 1730 4894 trilogias
1751 4829 1796 4880 vel
1820 4827 1984 4892 tetralogias

303 4895 481 4946 cohaerentes
499 4900 526 4944 et
543 4896 665 4947 fabulam
681 4896 831 4960 satyricam
850 4893 897 4945 vel
912 4893 1004 4944 affinis
1025 4894 1069 4946 vel
1091 4896 1129 4945 di·
1156 4903 1379 4961 composueruut,
1400 4897 1429 4946 in
1445 4896 1572 4961 trilogias
1588 4896 1801 4961 Aristophanes,
1822 4911 1902 4962 quem
1919 4895 1984 4945 hinc

301 4965 376 5015 versi
387 4962 554 5028 argumenti:
572 4979 606 5014 ex
623 4979 674 5028 quo
688 4979 789 5028 genere
802 4969 866 5014 sunt
877 4961 1007 5026 Aeschyli
1019 4962 1129 5014 Orestia
1155 4965 1314 5014 coniicimus
1331 4966 1415 5015 etiam
1432 4965 1546 5030 tragicis
1563 4964 1723 5014 didascaliis
1741 4965 1812 5015 hreno
1825 4963 1982 5014 denomina-

302 5037 331 5082 et
341 5031 484 5095 Lycurgia
497 5045 530 5079 ac
542 5030 671 5082 Philoclis
683 5031 845 5082 Pandionis:
859 5035 975 5093 ceteras,
989 5045 1058 5095 quse
1068 5045 1129 5096 pera
1157 5033 1260 5083 tionem
1270 5032 1489 5084 accommodasse
1500 5037 1563 5082 ante
1572 5032 1769 5095 Aristarchum,
1782 5033 1810 5081 in
1821 5031 1984 5096 tetralogias

302 5099 438 5165 potuitate
462 5099 617 5162 argumenti
640 5099 790 5163 caruerint,
815 5099 949 5148 communi
973 5099 1129 5150 mumoniae
1155 5100 1321 5164 Thrasyllus
1331 5102 1424 5166 (Diog.
1437 5102 1468 5150 Ι..
1480 5104 1505 5162 3,
1518 5099 1581 5164 di),
1596 5101 1642 5166 qui
1655 5099 1767 5150 eandem
1776 5099 1984 5152 adornationem

302 5167 410 5217 nomine
432 5164 617 5232 appellandas
639 5182 707 5220 esse.
746 5169 784 5216 Et
806 5165 1010 5218 concedendum
1032 5171 1076 5217 est
1097 5184 1128 5217 ar
1155 5167 1191 5218 ad
1203 5169 1378 5220 Democritea
1390 5167 1531 5220 transtulit
1549 5167 1643 5233 (Diog.
1656 5168 1687 5217 1..
1699 5171 1724 5232 3,
1738 5167 1799 5230 tt).
1835 5168 1904 5218 Num
1916 5183 1983 5218 vero

302 5235 439 5298 omuibus,
457 5247 571 5299 quarum
588 5234 688 5286 notitia
703 5239 842 5301 superest,
865 5233 1073 5299 quadripartitis
1091 5235 1129 5284 di·
1155 5235 1220 5286 inde
1234 5235 1353 5287 efficitur
1365 5236 1515 5301 quemlibet
1528 5234 1701 5300 tetralogiam
1720 5235 1765 5286 vel
1777 5235 1913 5300 trilogiam
1928 5241 1984 5285 tra-

302 5301 447 5363 dascaliis‚
465 5300 680 5364 Pandionidern,
697 5303 876 5368 Lycurgiam,
900 5303 1038 5352 Orestiam
1055 5302 1129 5354 selas
1157 5305 1246 5368 gicam
1259 5305 1415 5354 nniversam
1430 5304 1504 5354 idem
1516 5309 1705 5369 argumentum
1723 5305 1877 5354 tractasse?
1897 5301 1984 5352 Nimi-

302 5371 330 5420 in
342 5370 456 5420 scholiis
467 5372 561 5422 vocari
576 5369 750 5435 tetralogias:
763 5369 813 5422 aad
826 5371 944 5436 singulis
958 5370 1026 5422 loeis
1038 5371 1127 5436 penei·
1156 5387 1214 5422 rum
1226 5372 1273 5436 qui
1284 5371 1320 5422 ad
1339 5371 1500 5437 tragoediae
1517 5371 1723 5422 similitudinem
1742 5371 1900 5423 consociare
1917 5369 1984 5422 alio-

302 5439 369 5490 tatis
381 5437 434 5488 hoc
447 5437 527 5489 nobis
540 5437 726 5503 persuasimus
739 5439 815 5490 casui
827 5439 931 5490 deberi.
961 5439 1031 5490 Nam
1042 5451 1129 5503 gram·
1155 5455 1212 5489 rum
1235 5454 1320 5504 opera
1341 5441 1369 5489 in
1389 5439 1516 5505 trilogies
1540 5446 1568 5490 et
1589 5437 1751 5504 tetralogias
1773 5440 1985 5501 constituerant,

302 5506 405 5563 matici,
423 5507 470 5556 nbi
483 5521 517 5556 ex
530 5504 707 5556 didascalicis
719 5505 857 5557 indicibus
868 5503 993 5556 referunt
1004 5507 1052 5570 qui
1066 5521 1129 5571 poe·
1156 5523 1210 5558 non
1223 5511 1369 5572 potueruut
1381 5523 1435 5558 non
1453 5511 1639 5572 argumentum
1654 5513 1797 5572 spectare,
1819 5506 1890 5572 quod
1907 5508 1936 5556 in
1949 5523 1983 5557 eo

301 5581 346 5626 tae
356 5575 456 5640 quibus
466 5574 570 5624 tabulis
578 5573 689 5640 primas,
698 5574 841 5637 secundas,
854 5575 952 5624 tertias
961 5573 1127 5636 rettulerint,
1156 5575 1214 5626 solo
1233 5580 1307 5625 esset
1324 5591 1409 5626 causa
1426 5577 1531 5642 posita,
1545 5590 1627 5640 quare
1644 5575 1699 5626 ista
1716 5575 1874 5626 coniunctio
1891 5573 1983 5638 fieret;

215 5647 224 5676 e
301 5657 355 5694 non
372 5640 478 5692 addunt
495 5641 661 5706 tetralogias
679 5657 789 5704 nomen,
807 5642 878 5708 quod
896 5641 964 5692 nihil
981 5641 1129 5706 quidquam
1158 5641 1228 5708 quod
1245 5642 1323 5693 velet
1339 5645 1422 5694 etiarn
1443 5643 1471 5692 in
1495 5643 1697 5708 Antiphonteas
1714 5643 1890 5708 tetralogias,
1912 5657 1986 5708 quae

304 5725 408 5762 causae
426 5715 485 5762 erat
504 5725 588 5775 quare
606 5709 658 5762 boc
678 5708 823 5762 adderent:
847 5715 878 5762 ut
894 5710 1024 5764 Aelianus
1041 5713 1074 5764 V.
1091 5712 1128 5762 Η.
1157 5718 1261 5774 tamen,
1280 5711 1352 5776 quod
1368 5725 1422 5760 non
1439 5718 1553 5776 possunt
1567 5711 1603 5760 ad
1616 5712 1781 5777 tragicorum
1798 5710 1986 5762 imitationem
