4268 6602
419 1509 912 1604 ΕΥΡΙΠΙΔΟΥ
982 1506 1539 1605 ΙΠΠΟΛΥΤΟΣ.

850 1902 1101 1912 ...n—-m

565 2203 634 2280 ΤΑ
658 2205 763 2280 ΤΟΤ
801 2202 1083 2280 ΔΡΑΜΑΤΟΣ
1127 2202 1384 2279 ΠΡΟΣΩΠΑ

334 2393 531 2445 mom.
1027 2391 1171 2442 σλιοελ.

332 2478 567 2530 ιπιτοιινπου.
1027 2474 1205 2526 Ammon.

333 2562 594 2630 σπνλποηπυυ.
1027 2559 1190 2610 ouem.

334 2647 457 2697 πονου
480 2645 709 2698 ’τεοιπειπιςιιι
730 2644 930 2696 ιπινλικαιι.
1026 2641 1257 2698 marmot.

334 2729 489 2782 πνοΦοΣ.
1027 2727 1200 2778 Ανπυιιιπ.

877 3006 932 3012 ———
969 3005 1074 3012 .-.--—-

794 3222 1162 3299 ΤΠΟΘΕΣΙΣ.

213 3414 343 3490 θησεύς
371 3413 441 3490 υίὸς
470 3414 527 3491 μὲν
555 3411 594 3489 ῆν
616 3411 734 3489 Αἴθρας
763 3411 812 3474 καὶ
833 3409 1068 3490 Ποσειδῶνος,
1098 3409 1250 3488 βασιλεὺς
1279 3408 1314 3470 δέ
1337 3408 1530 3484 Ἀθηναίων·
1568 3412 1671 3488 γήμας
1699 3411 1734 3473 δὲ
1757 3411 1829 3488 μίαν

117 3518 191 3580 τῶν
226 3514 410 3592 Ἀμαζόνων
444 3513 632 3591 Ἱππολύτην
667 3512 864 3577 Ἱππόλυτον
889 3511 1061 3587 ἐγέννησε,
1094 3510 1201 3573 κάλλει
1224 3528 1269 3602 ,τε
1301 3510 1352 3572 καὶ
1385 3509 1590 3592 σωφροσύνῃ
1624 3512 1829 3590 διαφέροντα.

116 3616 195 3680 ἐπεὶ
221 3618 258 3679 δέ
280 3615 300 3694 ὴ
324 3620 526 3681 συνοικοῦσα
553 3616 610 3680 τόν
635 3614 704 3694 βίον
728 3613 935 3693 μετήλλαξεν,
967 3611 1198 3688 ἐπεισηγάγετο
1224 3609 1374 3687 Κρητικὴν
1396 3613 1547 3686 γυναῖκα,
1575 3613 1632 3688 τήν
1656 3612 1748 3676 Μίνω
1771 3617 1829 3676 τοῦ

119 3719 263 3796 Κρητῶν
298 3719 456 3797 βασιλέως
492 3716 541 3780 καί
574 3715 752 3796 Πασιφάης
786 3715 943 3792 θυγατέρα
976 3712 1127 3790 Φαίδραν,
1176 3711 1195 3775 δ
1230 3713 1266 3774 δέ
1294 3711 1421 3789 Θησεύς
1449 3711 1639 3797 Πάλλαντα,
1677 3715 1736 3780 ένα
1763 3721 1830 3781 τῶν

116 3824 317 3899 συγγενῶν,
347 3819 516 3898 φονεύσας
550 3818 662 3898 φεύγει
690 3818 736 3895 εἰς
759 3817 917 3895 Τροιζῆνα
945 3815 1023 3894 μετὰ
1049 3817 1107 3892 τῆς
1135 3814 1304 3890 γυναικὸς,
1338 3811 1379 3877 οὗ
1408 3815 1528 3894 συνέβη
1556 3817 1613 3880 τόν
1641 3817 1830 3883 Ἱππόλυτον

115 3921 215 3998 παρὰ
238 3921 349 3985 Πιτθεῖ
375 3921 565 4000 τρέφεσθαι·
600 3922 781 3999 θεασαμένη
810 3921 846 3984 δέ
868 3918 926 3982 τόν
949 3918 1122 3983 νεανίσκον
1145 3915 1164 3995 ή
1188 3917 1310 3995 Φαίδρα
1333 3915 1378 3995 είς
1402 3916 1566 3994 ἐπιθυμίαν
1589 3919 1745 4003 ὤλισθεν,
1773 3921 1832 3986 ούκ

115 4022 314 4100 ἀκόλαστος
337 4020 436 4092 οὖσα,
460 4024 633 4100 πληροῦσα
655 4026 691 4088 δὲ
706 4021 899 4104 Ἀφροδίτης
922 4023 1031 4103 μῆνιν,
1053 4021 1072 4098 ἣ
1096 4020 1154 4084 τὸν
1170 4019 1358 4084 Ἱππόλυτον
1381 4020 1433 4083 διά
1456 4019 1831 4100 σωφροσύνηνάνελεῑν

114 4123 268 4203 κρίνασα
290 4125 347 4202 τήν
363 4123 505 4202 Φαίδραν
529 4123 575 4202 εἰς
598 4125 655 4190 τὸν
671 4123 860 4189 Ἱππολύτου
885 4123 991 4201 ἔρωτα
1012 4123 1220 4203 παρώρμησε,
1242 4122 1337 4198 τέλος
1361 4123 1396 4185 δέ
1417 4124 1489 4200 τοῖς
1511 4125 1831 4203 προτεθεῖσα-ἔθηκε.

114 4228 298 4302 στέγουσα
327 4225 362 4289 δέ
389 4228 447 4304 τήν
476 4226 581 4292 νόσον
609 4227 629 4304 ἡ
653 4225 775 4304 Φαίδρα
803 4226 912 4308 χρόνῳ
935 4225 1019 4303 πρὸς
1047 4225 1105 4301 τήν
1127 4223 1254 4303 τροφὸν
1278 4225 1421 4300 δηλῶσαι
1444 4224 1644 4303 ἠναγκάσθη,
1675 4248 1830 4304 κατεπαγ-

113 4327 320 4406 γειλαμένην
349 4326 427 4411 αὐτῇ
464 4329 651 4406 βοηθήσειν
686 4327 753 4406 ήτις
787 4328 866 4391 κατὰ
900 4327 958 4404 τήν
985 4325 1175 4404 προαίρεσιν
1204 4323 1324 4402 λόγους
1354 4326 1556 4403 προσήνεγκε
1585 4333 1632 4412 τῷ
1660 4329 1831 4414 νεανίσκῳ.

112 4427 372 4510 τραχυνόμενον
405 4430 440 4497 δὲ
468 4429 568 4507 αὐτὸν
597 4431 617 4507 ή
639 4429 760 4507 Φαίδρα
788 4432 1017 4507 καταμαθοῦσα
1043 4432 1081 4508 τῇ
1110 4428 1167 4504 μὲν
1190 4433 1304 4508 τροφῷ
1326 4425 1520 4509 ἐπέπληξεν,
1556 4427 1656 4506 αύτὴν
1680 4431 1714 4493 δέ
1737 4429 1832 4509 ἀνήρ-

112 4548 216 4610 τησε.
258 4531 325 4593 καθ’
348 4531 387 4595 ὃν
409 4532 520 4609 καιρὸν
543 4533 660 4612 φανεὶς
682 4531 809 4608 Θησεὺς
833 4531 882 4594 καὶ
904 4511 1048 4594 καθέλεῑν
1073 4529 1226 4593 σπεύδων
1248 4529 1308 4605 τὴν
1331 4526 1613 4608 άπηγχονισμένην
1636 4527 1729 4608 εὗρεν
1752 4531 1831 4615 αὐτῇ

110 4632 398 4712 προσηρτημένην
427 4631 557 4708 δέλτον,
591 4633 636 4696 δι>
662 4632 701 4709 ἧς
724 4631 915 4697 Ἱππολύτου
943 4631 1071 4711 φθορὰν
1098 4630 1265 4708 κατηγόρει
1293 4630 1342 4692 καὶ
1370 4629 1552 4709 ἐπιβουλήν.
1596 4632 1776 4710 πιστεύσας
1798 4635 1834 4698 δέ

110 4737 195 4810 τοῖς
223 4733 456 4811 γεγραμμένοις
478 4735 538 4798 τόν
561 4737 619 4813 μὲν
642 4733 830 4797 Ἱππόλυτον
854 4733 983 4797 ἐπέταξε
1000 4732 1148 4813 φεύγειν,
1172 4730 1271 4808 αὐτὸς
1294 4731 1330 4794 δέ
1351 4737 1397 4815 τῷ
1418 4732 1603 4797 Ποσειδῶνι
1626 4731 1707 4812 ἀράς
1730 4734 1833 4818 ἔθετο,

110 4835 165 4900 ὧν
193 4833 390 4911 ἐπακούσας
413 4833 432 4898 δ
454 4837 530 4912 θεὸς
553 4837 611 4900 τὸν
627 4835 816 4899 Ἱππόλυτον
838 4835 1036 4914 διέφθειρεν..
1064 4823 1209 4912 Ἄρτεμις
1233 4832 1268 4895 δὲ
1289 4835 1356 4896 τῶν
1379 4832 1602 4914 γεγενημένων
1626 4833 1745 4899 ἕκαστα
1767 4840 1833 4900 δια-

109 4937 317 5017 σαφήσασα
346 4935 447 5012 Θησεῖ
473 4939 532 5015 τήν
561 4939 618 5016 μὲν
642 4935 784 5013 Φαίδραν
807 4935 847 4999 ού
870 4936 1107 5014 κατεμέμψατο,
1137 4937 1256 4999 τοῦτον
1280 4935 1315 4998 δέ
1337 4935 1585 5012 παρεμυθήσατο
1613 4933 1684 4999 υἱοῦ
1707 4938 1757 5002 καί
1778 4959 1833 5014 γυ-
1923 5003 1925 5006 ,

108 5037 243 5114 ναικὸς
268 5037 478 5119 στερηθέντα,
502 5045 548 5123 τῷ
572 5039 607 5102 δέ
629 5037 806 5120 Ἱππολύτῳ
827 5038 920 5114 τιμάς
944 5036 1006 5116 ἐφη
1031 5037 1225 5115 ἐπιχωρίους
1249 5035 1550 5113 ἐγκαταστήσεσθαι.

212 5137 254 5200 Ἠ
278 5139 380 5215 σκηνὴ
401 5141 461 5202 τοῦ
484 5139 645 5218 δράματος
669 5139 704 5203 ἐν
728 5139 875 5217 Τροιζῆνι
899 5142 1003 5202 κεῖται.
1048 5138 1195 5217 ἐδιδάχθη
1220 5137 1272 5201 ἐπί
1293 5138 1527 5216 Ἐπαμείνονος
1550 5136 1713 5218 ἄρχοντος
1736 5139 1833 5221 όλυμ-

107 5237 303 5321 πιάδιπῖ,
326 5237 387 5303 ἐτει
411 5235 447 5320 β’.
493 5245 625 5319 πρῶτος
649 5239 837 5317 Εὐριπίδης,
866 5239 1017 5318 δεύτερος
1041 5241 1174 5322 Ἰοφῶν,
1202 5239 1309 5317 τρίτος
1331 5240 1411 5304 Ἴων.
1457 5239 1525 5305 ἐστι
1554 5241 1590 5306 δέ
1612 5239 1711 5320 οὗτος
1735 5240 1753 5305 ὁ
1776 5243 1834 5306 Ἱπ-

105 5344 278 5416 πόλυτος
306 5339 458 5419 δεύτερος
487 5341 537 5405 καὶ
564 5340 742 5421 στεφανίας
771 5341 1108 5420 προσαγορευόμενος.
1160 5340 1347 5420 ἐμφαίνεται
1374 5341 1408 5403 δέ
1437 5339 1576 5420 ύστερος
1599 5345 1833 5422 γεγραμμένος·

104 5447 150 5511 τὸ
184 5443 260 5519 γάρ
288 5439 431 5520 ἀπρεπές
460 5443 509 5506 καλ
536 5443 728 5520 κατηγορίας
756 5441 846 5506 άξιον
870 5440 905 5507 ἐν
935 5443 1039 5526 τούτιμ
1063 5443 1242 5520 διώρθωται
1268 5447 1314 5525 τῷ
1336 5439 1476 5520 δράματι.
1520 5442 1559 5507 τὸ
1582 5445 1618 5508 δέ
1641 5448 1744 5522 δρᾶμα
1766 5452 1832 5508 τῶν

103 5545 281 5626 πρώτων.
