4372 6614
304 558 345 620 22
953 557 1056 609 vt'tA
1084 557 1313 608 EURIPIDIS.

304 665 500 672 ..ψ-υ*
526 665 867 672 ———..---.——---.———..
900 665 909 668 —
1000 663 1140 669 —--.--—-—-
1150 664 1290 670 ...-.—..—--
1304 664 1410 670 --.—.--
1423 664 1428 668 -
1813 658 1867 666 ·-···*
1906 659 1953 664 ---··
1971 659 1988 665 -

304 729 350 764 rus
371 714 400 762 in
419 713 489 764 libro
512 712 545 763 de
562 713 725 780 'tragoediis
743 713 856 764 Graecis
877 713 988 762 Bonnae
1012 711 1086 761 edito
1109 727 1133 761 a.
1161 709 1237 762 οὑτω
1257 710 1303 762 καί
1320 709 1348 762 ol
1364 708 1535 763 διδασκαλίαι
1552 709 1682 774 φέρουσι,
1698 706 1923 771 τελευτήσαντος
1941 704 1989 757 Εὑ-

308 783 381 833 1839.
397 780 447 833 νοΙ.
461 784 486 834 2.
499 798 524 847 p.
537 783 679 834 487-880.
693 782 746 832 vol.
759 786 782 832 3.
798 797 823 846 p.
837 781 1012 832 1581-1608.
1030 785 1133 845 etpost
1161 776 1269 843 ριπίδου
1282 778 1335 830 τὸν
1347 777 1409 830 υίόν
1419 777 1507 830 αὑτοῦ
1521 777 1691 841 δεδιδαχέναι
1700 775 1858 841 ὁμωνύμως
1871 772 1990 826 ἑνῖίστει

307 849 483 900 Welclrernm
504 851 593 900 miuus
614 850 811 916 circumspecte
835 850 856 899 I.
873 848 904 898 A.
923 849 1084 912 Hartungus
1104 849 1133 896 in
1162 845 1323 910 Ἰφιγένειαν
1335 848 1389 912 τήν
1401 846 1432 899 έν
1445 845 1553 910 Αὐλίδι,
1573 843 1751 909 Ἀλκμαίωνα
1766 843 1827 909 (aba
1839 842 1883 896 διά
1896 841 1989 906 Κορίν-

305 918 440 983 Euripidis
456 919 569 967 restituti
584 918 767 968 uoluminibus
786 916 891 967 duobus
908 916 1061 980 Hamburgi
1078 914 1133 966 edi·
1161 916 1212 966 θου
1235 916 1315 966 dicit:
1339 931 1402 966 nam
1424 912 1582 976 Ἀλκμαίων
1602 914 1618 965 ὀ
1635 913 1679 966 διὰ
1695 912 1827 974 Ψωφῖδος
1849 917 1912 962 acta
1929 916 1988 961 erat

306 986 343 1035 tis
362 1001 385 1036 a.
407 978 498 1036 ists·
514 987 556 1036 De
574 987 770 1051 compositione
794 983 947 1035 fabularum
965 983 1132 1048 perditarum
1161 983 1393 1049 sumptumst
1410 999 1492 1048 σαρκο
1510 980 1703 1045 ostendimus),
1723 979 1838 1043 Βάκχας.
1874 982 1917 1029 De
1935 994 1988 1044 qua

304 1069 359 1103 non
376 1054 463 1104 multa
476 1057 540 1102 sunt
557 1069 625 1118 quae
643 1054 697 1104 dici
709 1052 789 1103 hodie
804 1053 923 1118 possint,
947 1067 1027 1118 quum
1045 1051 1133 1116 plera·
1161 1053 1317 1118 tetralogIa,
1328 1055 1407 1102 cuins
1417 1052 1669 1115 dramasatyricurn
1679 1066 1732 1100 non
1743 1048 1990 1100 memoravitsebo·

305 1136 415 1185 suntque
429 1126 485 1170 tam
499 1136 588 1185 pauca
599 1122 738 1186 supersint
750 1121 906 1185 fragmenta
924 1125 952 1170 et
970 1126 1024 1169 tam
1037 1120 1132 1170 brevia
1161 1120 1254 1179 liasta,
1268 1121 1322 1170 iam
1334 1136 1418 1188 supra
1431 1120 1548 1170 diximus
1561 1136 1585 1185 p.
1602 1123 1641 1172 19.
1727 1120 1836 1168 ‘tt-35.
1855 1116 1987 1166 Undeoim

303 1195 334 1238 ut
351 1189 420 1239 nihil
433 1190 501 1239 certi
514 1204 548 1238 ex
563 1189 598 1240 iis
615 1189 710 1240 confici
728 1189 827 1253 possit,
847 1191 974 1253 exeeptis
985 1186 1132 1248 nonnullis,
1162 1188 1232 1239 aliae
1246 1185 1358 1242 fabulae
1378 1191 1431 1239 etsi
1443 1203 1497 1238 non
1510 1205 1559 1238 suo
1572 1203 1696 1254 quaeque
1712 1202 1785 1236 anno
1797 1185 1916 1236 adscribi
1928 1200 1986 1250 pos

304 1257 337 1307 de
356 1258 454 1322 quibus
469 1257 538 1306 dixit
550 1257 747 1308 Valckenarius
763 1259 792 1306 in
805 1257 942 1319 Diatribe,
961 1261 989 1306 et
1001 1255 1132 1320 Telepho,
1161 1261 1240 1317 sunt,
1259 1261 1350 1306 tamen
1371 1257 1469 1321 quibus
1491 1258 1571 1306 annis
1592 1257 1696 1321 priores
1714 1255 1818 1304 fuerint
1836 1269 1869 1303 ex
1885 1253 1988 1302 Aristo-

304 1325 337 1375 de
352 1341 405 1389 quo
423 1325 553 1375 disseruit
571 1324 681 1376 Geelius
699 1325 727 1374 in
739 1325 966 1376 commentatione
979 1323 1132 1373 Annalibus
1162 1324 1252 1389 phane
1265 1325 1378 1389 eiusque
1396 1324 1552 1375 scholiastis
1569 1323 1675 1374 definiri
1688 1327 1788 1389 potest.
1823 1321 1891 1371 Nam
1903 1319 1989 1372 Belle·

303 1393 428 1444 Instituti
441 1393 546 1456 Belgici
559 1408 583 1442 a.
598 1395 671 1443 1830.
685 1393 804 1455 inserta,
818 1398 847 1442 et
858 1391 1040 1453 Phaethonte,
1055 1392 1133 1441 cuius
1161 1393 1278 1457 ropbou,
1301 1393 1438 1456 Phoenix,
1466 1394 1576 1444 Oeneus
1597 1401 1625 1442 et
1645 1394 1694 1442 Ino
1716 1391 1744 1440 in
1765 1389 1987 1441 Acharneusibus

303 1460 437 1525 ampliora
450 1461 604 1526 fragmenta
617 1476 651 1510 ex
664 1461 761 1511 codice
774 1465 883 1511 vetusto
896 1460 1021 1510 Parisino
1034 1459 1129 1509 rescri·
1160 1460 1353 1525 Aristophanis
1377 1461 1487 1526 (olymp.
1511 1463 1556 1521 88,
1581 1459 1617 1522 3.)
1642 1463 1838 1520 memorantur,
1864 1457 1988 1519 Hecuba,

305 1535 351 1594 μιο
365 1528 452 1578 edidit
463 1529 637 1578 Hermannus
649 1528 751 1593 Opuso.
769 1529 823 1579 vol.
837 1533 861 1581 3.
890 1529 931 1578 De
945 1527 1049 1578 fabulis
1062 1542 1131 1592 quae
1161 1528 1262 1578 Aeolus
1279 1534 1307 1578 et
1319 1528 1419 1579 Peleus
1436 1531 1464 1577 in
1481 1529 1605 1580 Nubibus
1618 1524 1732 1594 (olymp.
1749 1527 1794 1588 89,
1809 1525 1857 1588 1.),
1877 1525 1989 1576 Sthene-

303 1603 452 1662 supersunt
468 1595 641 1660 undeviginti
657 1597 788 1646 iudicium
805 1596 873 1646 iecit
889 1595 1083 1660 Bernhardyus
1104 1612 1129 1660 p.
1161 1596 1232 1646 boea
1249 1601 1277 1646 et
1289 1597 1413 1646 Theseus
1429 1597 1457 1646 in
1470 1597 1569 1661 Vespis
1583 1594 1692 1660 (olymp.
1707 1598 1753 1657 89,
1763 1595 1812 1658 2.),
1830 1593 1988 1656 Μείιιιιίρρα

301 1667 452 1716 401-438.
474 1668 537 1729 post
558 1664 628 1714 alios
650 1665 764 1728 multos,
790 1679 902 1729 quorum
926 1663 1131 1714 diversissimae
1160 1670 1189 1714 et
1201 1663 1372 1714 Erechtheus
1385 1665 1414 1713 in
1425 1665 1583 1728 Lysistrata
1596 1663 1705 1729 (olymp.
1718 1660 1815 1727 92,1.).
1869 1661 1989 1713 titillor-

302 1738 367 1782 sunt
388 1732 543 1782 sententiae
566 1737 593 1782 et
613 1733 641 1781 in
659 1737 797 1798 posterum
819 1737 912 1795 amnt,
936 1747 1016 1797 quum
1035 1733 1063 1781 in
1079 1731 1131 1781 hoc
1161 1732 1236 1782 cules
1249 1733 1343 1782 furens
1357 1733 1412 1782 etsi
1423 1731 1497 1782 haud
1510 1731 1592 1782 dubie
1606 1735 1680 1796 prior
1696 1731 1749 1780 tuit
1761 1729 1988 1795 Thesmophoria·

303 1801 491 1866 quaostionum
505 1815 606 1865 genere
620 1815 695 1849 suum
710 1801 824 1865 quisque
838 1817 946 1851 sensum
963 1806 1093 1864 sequatur
1105 1805 1133 1850 et
1161 1801 1232 1850 susis
1256 1799 1450 1864 Aristophanis
1469 1800 1579 1865 (olymp.
1596 1802 1641 1862 92,
1662 1798 1709 1862 1.),
1734 1807 1766 1848 ιιι
1785 1800 1860 1848 intra
1882 1797 1989 1847 dicetur

303 1885 362 1919 raro
375 1868 445 1918 aiter
457 1869 538 1917 alteri
550 1868 623 1917 omni
637 1884 670 1920 ex
683 1873 760 1932 parte
774 1869 938 1918 satisfaciat.
1160 1885 1187 1933 p.
1201 1871 1256 1928 28,
1276 1873 1368 1918 tamen
1386 1868 1437 1918 hoc
1455 1884 1510 1918 non
1523 1867 1666 1918 conficitur
1682 1883 1715 1918 ex
1734 1881 1815 1917 versu
1828 1864 1989 1929 Aristopha-

353 1937 395 1986 De
409 1937 579 2002 temporibus
597 1951 745 2000 paucarum
758 1941 866 1987 tautum
882 1936 1036 1986 fabularum
1049 1937 1132 1986 certis
1160 1939 1203 1986 nie
1221 1936 1295 1986 1106.
1314 1935 1457 1998 παρθένον
1484 1933 1488 2002 )
1516 1932 1712 1998 θεαῖςόμοίαν,
1730 1931 1988 1996 ναὺνδπωςῶρμι-

301 2005 839 2068 constatgrammaticornmtestimoniis
904 2004 1132 2069 i.Peliadespri·
1159 2001 1280 2067 σμένην,
1300 2003 1400 2054 collato
1417 2019 1478 2054 cum
1500 2004 1650 2069 Euripidae
1668 2006 1740 2054 1094.
1759 2000 1819 2054 ίδοὺ
1834 2000 1862 2052 τί
1878 2001 1990 2062 δεσμοῖς

302 2089 373 2123 mem
389 2087 469 2138 quarn
487 2070 635 2136 Euripides
653 2071 771 2122 docuerit
789 2072 911 2123 fabulam
929 2072 1023 2132 inisse,
1041 2081 1132 2122 aetam
1160 2073 1228 2132 ναὺς
1241 2069 1320 2132 ὅπως
1333 2069 1507 2136 ὡρμισμένος
1526 2071 1530 2136 Ι
1553 2069 1634 2135 ἧμαι,
1654 2071 1726 2136 quod
1742 2072 1826 2122 etiarn
1839 2071 1898 2120 sine
1911 2069 1989 2120 Euri-

301 2139 806 2205 (cumtribusaliisquarumnomina
826 2140 1130 2206 nonsuntproditaia·
1160 2140 1233 2204 pidis
1246 2140 1370 2204 exemplo
1387 2141 1444 2190 dici
1455 2147 1563 2206 poterat
1579 2143 1614 2191 ab
1632 2139 1824 2204 Aristophane.
1859 2138 1991 2188 Neceer·

300 2206 384 2270 bulis)
396 2207 543 2272 olymp.8l,
552 2211 572 2256 t.
583 2222 600 2256 a
609 2207 759 2272 biographo
773 2214 815 2258 est
827 2213 988 2258 annotatum
1002 2207 1096 2273 (supra
1106 2224 1130 2273 p.
1160 2209 1231 2257 tiera
1245 2214 1308 2258 suut
1319 2208 1444 2258 historici
1457 2209 1567 2273 generis
1579 2207 1682 2258 indicia
1695 2223 1764 2272 quae
1781 2208 1809 2256 in
1827 2207 1893 2269 hac,
1914 2211 1945 2254 at
1960 2206 1990 2253 in

303 2280 342 2334 17,
354 2275 407 2336 35.)
452 2277 527 2326 2-5.
541 2275 730 2340 'Tetralogiam
743 2291 776 2326 ex
788 2275 902 2338 Cressis,
914 2277 1079 2326 Alcmaeone
1089 2278 1131 2340 τῶ
1160 2276 1222 2326 aliis
1234 2275 1344 2333 fabulis,
1357 2275 1564 2342 deprehendere
1577 2277 1631 2328 sibi
1643 2275 1698 2327 visi
1711 2283 1774 2327 sunt
1786 2275 1839 2325 viri
1852 2273 1936 2324 docti.

301 2344 346 2395 διά
357 2342 500 2407 Ψωφῖδος,
515 2342 638 2410 Telepho
651 2349 679 2393 et
691 2343 830 2394 Alcestide
843 2345 1020 2410 compositam
1030 2343 1130 2408 olymp.
1209 2345 1251 2392 De
1269 2342 1424 2394 fabularum
1440 2344 1607 2410 perditarum
1625 2349 1736 2409 praeter
1754 2358 1803 2394 eas
1820 2358 1890 2407 quas
1906 2356 1990 2406 supra

301 2415 342 2475 85,
361 2415 385 2463 2.
407 2419 499 2463 actam
521 2426 582 2460 csse
604 2426 637 2461 ex
658 2409 813 2462 didascalia
829 2413 858 2462 in
879 2413 973 2463 codice
994 2411 1131 2462 Vaticano
1159 2412 1368 2462 memoravimus
1381 2413 1551 2477 temporibus
1563 2412 1655 2462 nullus
1669 2419 1712 2462 eet
1722 2412 1890 2462 coniecturis
1899 2409 1989 2459 locus:

302 2483 415 2531 servata
429 2480 613 2544 cognovimus.
698 2484 721 2530 6.
739 2479 907 2545 Hippolytus
919 2483 993 2545 prior
1010 2479 1037 2536 (ὁ
1050 2480 1131 2531 καλυ-
1160 2479 1193 2529 de
1207 2481 1386 2544 superstitum
1397 2495 1464 2530 vero
1481 2481 1681 2546 tragoediarum
1698 2479 1809 2544 reliquis
1823 2493 1885 2542 sex,
1903 2478 1991 2527 Hera-

302 2545 455 2609 πτάμενος)
478 2546 626 2611 olympiadi
646 2549 701 2608 88,
724 2553 755 2598 nt
777 2548 899 2610 videtur,
921 2548 1129 2611 adscribendus,
1160 2547 1250 2610 clidis,
1261 2547 1457 2610 Andromacha,
1469 2548 1655 2614 Supplicium,
1667 2550 1742 2608 Ioue,
1755 2547 1869 2598 Electra
1878 2544 1990 2610 etlpbi-

301 2631 382 2680 quum
395 2616 466 2665 alter
480 2613 507 2670 (ὀ
519 2613 748 2679 στεφανηφόρος)
767 2616 865 2682 olymp.
879 2618 921 2679 87,
935 2619 957 2666 2.
975 2627 1037 2682 post
1054 2617 1131 2666 illurn
1160 2617 1242 2680 genia
1255 2616 1388 2678 Taurica,
1408 2621 1515 2666 tantum
1528 2617 1583 2666 dici
1601 2622 1694 2682 potest
1706 2620 1838 2680 quantum
1851 2631 1884 2664 ex
1896 2629 1990 2663 nume·

301 2684 391 2733 editus
410 2698 470 2733 esse
488 2683 596 2733 dicatur
611 2684 640 2733 in
657 2681 797 2735 ὑποθέσει.
884 2688 984 2736 7-10.
1004 2685 1131 2734 Proxima
1160 2699 1248 2734 rorum
1261 2683 1305 2735 vel
1318 2685 1486 2736 severiorum
1503 2689 1531 2735 et
1543 2685 1682 2750 puriorum
1698 2685 1744 2734 vel
1758 2681 1989 2747 negligentiorem

302 2752 464 2814 tetralogia,
488 2749 611 2813 Μήδεια,
635 2751 822 2816 Φιλοκτήτης,
846 2749 963 2815 Δίκτυς,
991 2749 1130 2816 Θερισταί,
1161 2756 1188 2801 et
1200 2750 1404 2802 dissolutiorum
1416 2767 1467 2803 usu
1486 2753 1582 2818 colligi
1595 2757 1707 2818 potest:¹
1719 2753 1748 2801 in
1761 2766 1813 2815 quo
1827 2765 1927 2816 genere
1940 2764 1990 2798 au·

301 2821 401 2886 olymp.
412 2821 452 2878 87,
463 2824 485 2868 1.
499 2825 564 2868 acta
577 2823 628 2881 est,
641 2825 671 2868 ut
685 2836 718 2869 ex
727 2819 896 2870 Didascaliis
909 2822 1053 2870 annotavit
1065 2813 1140 2880 acri-l
1160 2819 1332 2882 tiquissimae
1354 2820 1493 2885 Euripidis
1516 2820 1628 2871 fabulae
1648 2819 1729 2870 valde
1748 2818 1874 2868 diversae
1892 2823 1955 2867 eunt
1973 2833 1991 2866 a

301 2895 363 2953 ptor
379 2885 555 2950 ὑποθέσεως,
580 2903 649 2952 qnae
671 2889 864 2952 Aristophanis
880 2887 1009 2951 Byzantii
1033 2901 1130 2937 nomeu
1162 2888 1316 2952 postremis.
1352 2889 1468 2938 Narnia
1488 2889 1702 2954 antiquissime,
1721 2886 1818 2952 quales
1836 2883 1991 2936 suntAlce-

301 2957 386 3022 gerit,
404 2971 429 3019 p.
444 2957 484 3004 27.
497 2954 538 3006 ed.
552 2961 671 3008 nostrae.
760 2959 799 3004 11.
819 2956 949 3020 Sequitur
965 2953 1131 3016 Ἱππόλυτος
1160 2956 1220 3014 stis,
1232 2955 1331 3005 Medea
1344 2961 1372 3005 et
1382 2957 1549 3022 Hippolytus
1563 2956 1672 3021 (olymp.
1683 2957 1725 3017 85,
1735 2955 1881 3016 2-87,2.)
1892 2952 1991 3003 eadem

301 3020 529 3087 στεφανηφόρος,
543 3038 613 3088 quae
627 3023 724 3073 fabula
737 3023 886 3087 olympiadi
898 3025 939 3085 87,
952 3027 975 3073 2.
989 3022 1131 3088 adscripta
1161 3023 1219 3072 fere
1237 3023 1264 3071 in
1282 3024 1376 3073 metris
1394 3024 1577 3074 diverbiorum
1594 3025 1754 3089 diligentia,
1777 3024 1805 3072 in
1824 3021 1992 3072 carminibus
2022 3041 2026 3050 ·

302 3097 344 3142 est
355 3093 383 3142 iu
395 3089 527 3142 ὑποθέσει
544 3108 569 3156 p.
583 3095 636 3152 43,
656 3093 763 3142 omissis
776 3091 942 3156 reliquarum
958 3093 1039 3142 trium
1053 3092 1130 3141 iabu·
1159 3090 1267 3140 melicis
1280 3091 1474 3155 componendis
1485 3092 1648 3158 simplicitas
1661 3107 1731 3157 quae
1743 3089 1816 3156 apud
1827 3087 1992 3154 Sophoclem

302 3159 388 3211 larum
404 3159 571 3209 nominibus:
596 3161 640 3210 cui
657 3175 729 3209 auno
747 3161 875 3210 convenit
893 3159 966 3224 quod
983 3158 1018 3209 ad
1035 3174 1131 3210 uersus
1160 3158 1402 3221 animadvertitur,
1426 3160 1455 3209 in
1473 3161 1619 3225 postremis
1641 3176 1719 3223 vero,
1739 3160 1911 3223 omniumque
1933 3173 1990 3206 ma·

301 3226 432 3292 quosdam
445 3227 591 3292 Hippolyti
603 3228 751 3292 respicitur
763 3228 797 3278 ab
811 3228 993 3292 Aristophane
1005 3228 1034 3276 iu
1047 3227 1130 3292 Equi·
1159 3227 1230 3277 xime
1242 3227 1271 3276 in
1284 3228 1381 3277 Oreste
1393 3228 1506 3293 (olymp.
1515 3227 1599 3292 92,4.)
1613 3235 1668 3277 tarn
1681 3227 1841 3277 immodicus
1852 3230 1895 3275 est
1907 3224 1992 3288 sylla-

302 3297 375 3346 tibus
390 3295 501 3359 (olymp.
513 3295 607 3358 eat.)
623 3301 651 3346 et
662 3299 690 3344 in
703 3295 803 3360 Vespis
815 3294 925 3361 (olymp.
937 3299 979 3359 89,
992 3295 1027 3358 2.)
1099 3297 1130 3345 12
1159 3294 1256 3344 barum
1267 3293 1409 3360 longarum
1420 3295 1448 3345 in
1462 3295 1560 3346 breves
1573 3296 1723 3347 solutorum
1740 3302 1941 3357 metrorumque
1954 3293 1990 3342 ab
2030 3295 2034 3304 '

300 3363 375 3414 -16.
396 3363 573 3426 'l'etralogiee
591 3365 716 3428 iutegrae
737 3379 769 3414 ex
787 3363 955 3426 Alexandro,
973 3362 1129 3420 Palamede,
1158 3362 1323 3427 antiquioris
1340 3362 1501 3427 tragoediae
1519 3365 1668 3414 severitate
1690 3363 1841 3412 alienorum
1858 3375 1937 3420 usus,
1958 3367 1993 3409 nt

301 3429 454 3480 Troadibus
467 3437 494 3482 ει
507 3429 623 3496 Sisypho
635 3433 811 3495 compositae,
824 3447 894 3496 quae
905 3431 976 3482 κατὰ
989 3430 1043 3492 τήν
1055 3430 1130 3495 πρῶ·
1159 3430 1229 3479 haec
1243 3430 1337 3481 fabula
1350 3447 1404 3481 non
1421 3432 1509 3481 solum
1525 3433 1620 3497 primis
1633 3429 1775 3495 Euripidis
1793 3429 1895 3480 fabulis
1906 3427 1990 3478 valde

300 3513 354 3562 την
367 3498 411 3550 καί
423 3496 614 3562 ἐνενηκοστὴν
626 3497 792 3561 ὀλυμπιάδα,
806 3498 868 3550 καθ’
879 3497 916 3562 ἣν
925 3497 1004 3550 ἐνίκα
1017 3496 1131 3550 Ἐξαίνε-
1160 3494 1300 3548 dissimilis
1318 3499 1364 3562 sit,
1382 3499 1431 3548 sed
1447 3502 1532 3550 etiam
1546 3499 1686 3550 nonnullis
1705 3513 1773 3565 quas
1790 3499 1866 3572 ipsas
1884 3511 1991 3561 quoque

301 3580 349 3628 τος
367 3564 382 3617 ὀ
400 3561 617 3630 Ἀκραγαντῖνος
634 3567 762 3630 στάδιον,
781 3573 841 3618 acta
859 3569 954 3632 luerit,
972 3567 1129 3617 memoriam
1159 3567 1288 3616 extremis
1309 3568 1385 3617 vitae
1407 3583 1473 3618 suae
1495 3569 1587 3630 annis,
1610 3566 1660 3617 scd
1681 3565 1826 3630 diligentia
1847 3565 1990 3628 aliquanto

301 3635 424 3685 serravit
436 3635 568 3684 Aelianus
588 3635 618 3684 V.
636 3637 670 3685 H.
683 3639 712 3696 2,
729 3639 754 3687 8.
773 3636 850 3685 cuius
868 3635 1056 3686 testimoninm
1073 3634 1130 3699 pla·
1159 3635 1261 3684 maiore
1275 3635 1424 3698 scripserat
1437 3635 1597 3700 Euripides,
1611 3634 1688 3684 velut
1699 3633 1874 3700 Iphigeniam
1886 3638 1989 3680 utram-

301 3705 410 3753 nissIme
420 3701 596 3752 confirmatur
607 3703 813 3753 duobusAvium
819 3703 1130 3768 Aristophanislolymp.
1159 3717 1210 3766 que
1224 3707 1251 3751 et
1263 3702 1397 3753 Bacchas.
1422 3704 1463 3753 De
1476 3703 1633 3754 Heraclidis
1643 3709 1718 3752 recte
1730 3701 1866 3752 indicasse
1878 3699 1991 3750 videtur

299 3775 341 3829 91,
355 3771 390 3830 2.)
405 3769 472 3819 locis
487 3787 510 3820 v.
523 3773 580 3820 813.
599 3770 658 3836 (αόί
671 3772 757 3822 schol.
769 3771 978 3836 παρακωμῳδεῖ
989 3768 1042 3821 τὸν
1056 3768 1130 3834 Εὑρι-
1159 3769 1318 3832 Elmsleius,
1337 3785 1418 3834 quum
1430 3771 1494 3821 hnic
1511 3771 1625 3822 fabulae
1639 3771 1790 3835 proximum
1807 3774 1870 3835 post
1883 3767 1989 3832 Hippo-

301 3837 384 3890 πίδου
400 3835 588 3902 Παλαμήδην,
612 3837 646 3889 οὐ
669 3838 725 3904 πρὸ
744 3839 852 3890 πολλοὺ
873 3837 1081 3900 δεδιδαγμένον)
1104 3844 1131 3889 et
1158 3838 1243 3901 lytum
1257 3836 1368 3904 (olymp.
1382 3841 1424 3900 87,
1437 3837 1475 3902 2.)
1491 3839 1580 3889 locum
1594 3839 1686 3888 daret:
1706 3839 1749 3888 cui
1767 3837 1896 3888 convenit
1914 3836 1990 3900 quod

302 3909 374 3957 1717.
394 3904 449 3968 (ubi
467 3905 550 3956 schol.
568 3905 693 3969 χλευάζει
709 3907 785 3971 παρὰ
796 3906 832 3957 τὰ
849 3905 880 3958 ἐκ
893 3905 1038 3972 Τρῳάδων
1056 3905 1129 3969 Εὐρι-
1159 3905 1194 3954 ed
1206 3905 1397 3970 Aristophanis
1410 3907 1459 3971 Eq.
1471 3911 1529 3958 att.
1543 3905 1677 3970 (τάραττε
1690 3906 1734 3956 καί
1747 3904 1857 3969 χόρδευ’
1869 3903 1939 3967 ὀμοὺ
1951 3901 1990 3954 τά

302 3971 383 4026 πίόου
397 3972 502 4036 “ᾶνεχε
515 3999 547 4008 —-
560 3972 697 4038 πάρεχε”)
711 3981 739 4026 et
752 3975 853 4026 scholio
867 3977 949 4040 Vesp.
960 3977 1033 4026 1317.
1047 3975 1130 4038 (quae
1159 3970 1335 4037 πράγματα),
1354 3973 1477 4024 tabulam
1488 3973 1594 4039 ‘olymp
1611 3977 1655 4032 88,
1675 3978 1698 4025 3.
1717 3979 1819 4032 actam,
1843 3972 1991 4022 annotarit

302 4041 397 4092 fabula
409 4047 474 4092 aeta
488 4048 530 4092 est
547 4041 644 4107 olymp.
658 4045 701 4106 89,
710 4043 744 4103 2.)
758 4041 869 4106 ὑστερεῖ
881 4042 899 4107 ἡ
911 4045 972 4093 τῶν
985 4040 1130 4108 Τρῳάδων
1159 4039 1319 4100 scholiasta,
1339 4039 1482 4105 παρῳδίας
1495 4040 1609 4105 τμόπος.
1630 4041 1784 4106 ταρῳδησε
1796 4039 1850 4103 γάρ
1861 4040 1914 4091 τὸν
1927 4037 1989 4102 iop-

301 4108 411 4170 κάθεσις
424 4107 485 4173 (τής
497 4112 556 4160 τῶν
569 4111 706 4174 Σφηκῶν)
719 4110 812 4162 έτεσιν
825 4109 904 4162 ἑπτά.
949 4113 1039 4162 1817.
1053 4110 1130 4161 Alius
1159 4109 1208 4168 βον
1225 4107 1253 4161 ts
1270 4107 1458 4173 Ἡρακλειδῶν
1476 4107 1634 4173 Εὐριπίδου;
1655 4109 1807 4160 cuiusmodi
1824 4108 1890 4174 quid
1908 4122 1989 4172 quum

300 4178 476 4242 tetralogiae,
495 4183 574 4227 actae
586 4178 685 4244 olymp.
698 4182 740 4243 91,
753 4183 791 4243 4.,
805 4179 873 4230 duas
884 4185 993 4230 tantum
1005 4179 1131 4229 novimus
1143 4225 1145 4263 Ι
1158 4176 1239 4227 hodie
1251 4193 1306 4226 non
1318 4173 1428 4242 legatur
1438 4179 1468 4227 in
1480 4178 1647 4240 Heraclidis,
1661 4179 1773 4228 incurat
1782 4178 1828 4241 qui
1840 4177 1869 4225 in
1879 4176 1989 4225 nomine

300 4245 1270 4309 subtiles,collatisintereescholiastemmannotationibus.fabulae
1291 4249 1338 4294 aut
1364 4247 1398 4296 ab
1422 4246 1575 4296 scholiasta
1600 4251 1649 4296 aut
1673 4248 1706 4296 ab
1732 4245 1843 4296 librario
1869 4247 1989 4294 erratum

300 4314 335 4363 ad
349 4314 416 4363 duos
428 4313 504 4363 locos
516 4313 721 4379 Aristophanis,
736 4314 854 4365 alteram
866 4317 1004 4366 Ranarum
1017 4314 1128 4380 (olymp.
1143 4294 1145 4372 )
1158 4329 1218 4363 esse
1235 4317 1379 4379 putarent,
1398 4314 1524 4379 opinione
1548 4316 1670 4376 incerto,
1689 4329 1771 4377 quum
1789 4312 1871 4377 plura
1887 4327 1920 4361 ex
1936 4311 1989 4360 hac

299 4385 344 4444 98,
363 4383 399 4439 3.)
421 4396 446 4431 ν.
465 4384 505 4432 83.
527 4381 581 4445 τήν
599 4381 786 4446 Ἀνδρομέδαν
807 4380 1049 4445 ἀναγιγνώσκοντί
1070 4396 1128 4443 pot:
1158 4380 1253 4430 fabula
1271 4379 1407 4432 excidisse
1423 4382 1486 4431 eliis
1503 4382 1612 4431 indiciis
1629 4382 1769 4446 cognitum
1783 4381 1827 4431 sit.
1863 4378 1991 4429 Ceterum

299 4451 345 4499 ubi
359 4449 443 4499 schol.
463 4447 480 4511 ἡ
498 4447 551 4514 γάρ
570 4448 738 4515 Ἀνδρομέδα
756 4449 848 4516 ὀγδόῳ
865 4450 921 4504 έτει
938 4452 1128 4514 προεισήκται,
1159 4447 1256 4498 similis
1273 4449 1388 4514 parodia
1404 4451 1541 4514 reperitur
1556 4451 1584 4499 in
1600 4452 1700 4514 Vespis
1717 4449 1829 4512 (olymp.
1848 4449 1894 4509 89,
1908 4447 1943 4510 2.)
1961 4461 1989 4495 v.

300 4516 414 4567 alterum
427 4517 536 4569 Theaua
555 4513 666 4583 (olymp.
683 4521 729 4580 92,
744 4516 779 4585 t.)
797 4535 822 4568 v.
837 4521 910 4569 1021.
929 4516 1127 4582 Ἀνδρομέδανι
1158 4518 1231 4568 1160,
1244 4514 1354 4579 ἐχθρῶν
1366 4517 1434 4580 παρ’
1445 4516 1558 4581 ἀνδρῶν
1569 4517 1693 4581 δυσμενῆ
1707 4515 1881 4579 καττύματα,
1898 4516 1940 4564 cui
1955 4518 1991 4563 si·

299 4585 346 4635 ubi
359 4584 445 4636 schol.
456 4587 593 4646 πιθανῶς·
607 4585 817 4638 συνδεδίδακται
829 4585 882 4651 γὰρ
891 4590 926 4650 τῇ
940 4585 1044 4651 Ἑλένη.
1063 4588 1130 4637 Ver·
1158 4584 1230 4634 milis
1244 4591 1286 4634 est
1297 4586 1464 4650 Euripideus
1476 4599 1571 4635 versus
1584 4585 1696 4636 Heracl.
1711 4585 1784 4636 1006.
1797 4583 1897 4649 έχθροὺ
1910 4581 1989 4634 λέον-

299 4668 356 4703 sum
374 4669 408 4703 ex
421 4653 595 4704 Andromede
614 4655 705 4719 tangit
720 4654 793 4706 idem
810 4656 839 4704 in
851 4657 1011 4719 Lysistrata
1023 4653 1130 4718 (paucis
1157 4665 1206 4712 τος
1218 4650 1340 4715 δυσμενῆ
1354 4651 1544 4718 βλαστήματα,

219 4747 222 4756 ·
298 4727 363 4771 aute
377 4720 673 4787 Thesmophoriaausas
685 4723 824 4773 mensibus
836 4719 910 4788 acta)
922 4722 1129 4773 cessantium
1209 4720 1426 4770 Andromacham
1445 4719 1594 4771 scholiasta
1612 4719 1645 4769 ad
1657 4735 1682 4770 ν.
1695 4723 1754 4770 445.
1774 4720 1838 4782 (vol.
1851 4722 1875 4770 t.
1889 4737 1914 4784 p.
1930 4721 1989 4782 165,

203 4824 205 4828 .
299 4787 489 4840 Andromedae
507 4789 596 4839 locum
613 4793 642 4840 in
660 4791 765 4841 Avibus
786 4790 896 4854 (olymp.
915 4794 961 4853 91,
978 4787 1012 4855 2.)
1031 4807 1054 4839 v.
1073 4792 1129 4840 stt.
1161 4785 1212 4851 17.)
1230 4785 1377 4849 φαίνεσθαι
1395 4788 1461 4837 dicit
1478 4786 1671 4852 γεγραμμένην
1692 4785 1723 4838 έν
1740 4786 1811 4853 ὀρχῇ
1828 4789 1880 4839 τοῦ
1897 4784 1989 4838 Πελο-

299 4855 415 4920 μηδέπω
430 4855 603 4922 διδαχθείσης
619 4859 670 4921 τῆς
686 4855 856 4923 τραγῳδίας,
875 4865 906 4908 ιιι
923 4863 1039 4908 annotat
1056 4857 1130 4908 scho-
1143 4908 1145 4919 ,
1158 4857 1349 4918 ποννησιακοθ
1365 4853 1498 4919 πολέμου,
1518 4857 1590 4920 quod
1603 4857 1704 4906 bellum
1718 4858 1822 4906 exarsit
1835 4855 1934 4920 olymp.
1945 4856 1989 4918 87,

298 4925 390 4974 liasta.
459 4928 498 4976 18.
517 4925 642 4989 Orestes,
661 4927 757 4976 Diocle
770 4927 901 4977 archonte
914 4925 1026 4990 (olymp.
1039 4927 1081 4980 92,
1094 4925 1130 4989 t.)
1159 4926 1182 4973 1.
1205 4923 1336 4974 archonte
1354 4924 1522 4988 Pythodoro.
1550 4923 1699 4987 φαίνεσθαι
1721 4931 1811 4975 autern
1829 4923 1900 4989 quod
1922 4923 1992 4972 dicit

299 4997 366 5042 acta
383 4992 530 5044 secundum
548 4993 633 5044 schol.
655 4993 691 5044 ad
708 5011 732 5044 v.
751 4997 809 5047 371.
827 4992 884 5057 πρό
899 4996 951 5044 τοὺ
970 4990 1131 5056 Διοκλέους,
1157 4991 1259 5040 indicio
1274 4999 1382 5058 estnon
1396 4991 1836 5051 tradihocDidascaliarumfide,
1849 4992 1877 5040 in
1891 4991 1991 5056 quibus

299 5058 346 5123 ἐφ’
357 5059 390 5111 οὑ
402 5059 455 5110 τὸν
469 5058 604 5126 Ὀρέστην
616 5059 729 5124 ἐδίδαξε,
743 5063 803 5112 τῶν
813 5059 1039 5123 Λακεδαιμονίων
1048 5073 1132 5124 πρεσ-
1142 5092 1145 5123 2
1156 5059 1288 5108 usitatum
1300 5065 1342 5108 est
1352 5061 1464 5110 verbum
1474 5059 1612 5124 ἐδιδάχθη,
1626 5061 1674 5110 sed
1684 5077 1718 5110 ex
1729 5061 1888 5110 coniectura
1898 5072 1991 5125 gram-

299 5126 481 5192 βευσαμένων
493 5129 557 5192 περὶ
571 5127 683 5194 εἰρήνης
696 5134 749 5181 cet.
808 5131 846 5180 19.
859 5133 899 5180 20.
912 5133 953 5180 21.
965 5129 1130 5194 Hypsipyle,
1143 5136 1145 5149 ¹
1157 5127 1263 5190 matici,
1275 5142 1328 5191 qua
1339 5133 1484 5193 propterea
1497 5145 1566 5195 opus
1576 5136 1636 5178 erat
1647 5129 1726 5192 quia,
1740 5130 1807 5177 utin
1822 5128 1991 5193 praeceden-

297 5197 480 5260 Phoenissae,
507 5199 629 5261 Antiopa
650 5214 710 5248 curn
733 5198 856 5248 dramate
879 5198 1002 5262 satyrico
1025 5198 1128 5262 ignoto,
1156 5195 1230 5243 tibus
1248 5193 1349 5244 dietum
1367 5202 1435 5257 erat,
1455 5193 1608 5261 εἰλικρινῶς
1620 5195 1687 5256 τοὺς
1704 5197 1756 5247 τοὺ
1774 5195 1913 5260 δράματος
1926 5193 1991 5258 χρό-

298 5264 397 5329 olymp.
412 5267 459 5324 93,
473 5268 496 5314 2.
514 5265 665 5315 secundum
677 5264 761 5318 solsol.
776 5266 858 5317 Arist.
872 5266 941 5314 liert.
962 5264 1075 5328 (olymp.
1088 5266 1129 5327 93,
1157 5275 1222 5322 νους
1240 5259 1291 5312 οὑκ
1307 5261 1367 5314 έστι
1387 5264 1495 5328 λαβεῖν·
1518 5263 1551 5314 οὐ
1570 5262 1727 5316 δεδίδακται
1748 5262 1802 5328 γάρ
1824 5263 1989 5328 Ἀθήνησινι

298 5333 332 5396 3.)
345 5349 370 5382 τ.
385 5335 425 5382 83.
446 5331 492 5396 (ad
509 5333 595 5382 verba
606 5333 661 5394 τήν
674 5331 874 5397 Ἀνδρομέδαν)
891 5331 934 5382 διά
951 5329 979 5381 τί
990 5331 1020 5382 δέ
1034 5331 1070 5395 μή
1084 5329 1130 5381 ἄλ·
1157 5329 1190 5380 de
1214 5344 1267 5394 quo
1289 5332 1506 5395 supradiximus
1527 5336 1612 5396 p.19.
1645 5337 1751 5382 Annum
1774 5337 1865 5382 autem
1887 5335 1912 5382 si
1933 5347 1991 5381 non

215 5449 217 5453 .
298 5401 331 5451 λο
341 5414 368 5450 τι
379 5402 439 5451 τῶν
452 5399 508 5464 πρό
522 5397 619 5462 ὀλίγου
631 5399 819 5464 διδαχθέντων
830 5401 875 5451 καί
887 5401 995 5461 καλῶν,
1014 5397 1129 5461 Ὑψιπύ-
1156 5398 1245 5461 ipsum
1257 5399 1385 5462 primurn,
1403 5400 1450 5450 sed
1463 5415 1546 5450 unum
1559 5416 1593 5450 ex
1611 5401 1703 5465 primis
1716 5401 1855 5452 intellexit
1868 5399 1989 5450 scholia-

298 5468 359 5531 λης,
378 5468 547 5531 Φοινισσῶν,
563 5467 724 5533 Ἀντιόπης;
744 5485 814 5535 quae
828 5485 882 5519 non
895 5467 1074 5532 improbabile
1088 5473 1130 5518 est
1157 5472 1210 5529 sta,
1228 5467 1247 5514 i.
1262 5481 1285 5516 e.
1301 5466 1482 5533 olympiadem
1494 5468 1526 5517 87
1540 5476 1685 5518 exeuntem
1700 5469 1746 5518 vel
1758 5470 1791 5519 88
1804 5470 1951 5530 ineuntem,
1972 5483 1991 5517 a

298 5535 331 5585 de
345 5551 415 5586 anno
428 5537 550 5601 proxime
564 5552 725 5602 praegresso
738 5553 799 5588 esse
812 5535 1004 5601 intelligenda,
1017 5537 1071 5585 etsi
1080 5534 1130 5584 boo
1156 5549 1221 5582 vero
1235 5535 1355 5597 proxime
1370 5534 1468 5586 abesse
1481 5535 1601 5586 τίσαιμι.
1624 5537 1692 5586 Nam
1706 5537 1827 5586 carmina
1844 5537 1919 5586 chori
1931 5534 1991 5600 ple-

298 5619 352 5654 non
365 5605 521 5654 necessario
539 5619 573 5654 ex
589 5604 747 5669 veruisupt
764 5603 860 5667 ὀλίγου
874 5605 1007 5669 sequitur.
1087 5605 1128 5652 22.
1156 5615 1240 5666 raque
1254 5618 1287 5651 ex
1301 5604 1990 5669 versibuscompositasuutdactylico-trochaicis,

298 5675 339 5722 23.
357 5674 398 5721 24.
421 5671 544 5723 Fabulae
565 5677 627 5737 pest
648 5680 761 5722 mortem
782 5673 923 5738 Euripidis
944 5671 1003 5737 (qui
1025 5672 1131 5722 obierat
1156 5669 1236 5734 gravi
1249 5675 1277 5719 et
1290 5669 1386 5721 se'vcro
1399 5673 1481 5721 metri
1493 5687 1601 5736 genere,
1617 5674 1694 5724 ouius
1707 5673 1947 5738 frequentissimus
1959 5674 1991 5723 in

298 5739 396 5807 olymp.
414 5743 460 5804 93,
479 5737 515 5805 3.)
538 5747 615 5792 actas
637 5747 768 5792 memorat
790 5740 873 5791 schol.
895 5741 978 5792 Arist.
996 5741 1066 5794 Ran.
1089 5743 1130 5792 67.
1156 5737 1245 5788 veteri
1257 5739 1407 5790 Atticorum
1421 5739 1565 5804 tragoedia
1578 5755 1643 5792 tusus
1658 5741 1724 5802 tuit,
1744 5742 1832 5791 rarior
1849 5741 1877 5790 in
1895 5756 1990 5792 recen·
