4210 6604
306 1541 310 1546 “
422 1560 1878 1659 ιινΡιιιιιιονιιΡλκιιιιιλιι.

751 2207 820 2282 ΤΛ
847 2208 953 2283 ΤΟΥ
978 2207 1260 2284 ΔΡΑΜΑΊῸΣ
1287 2207 1543 2283 ΠΡΟΣΩΠΑ
1650 2214 1655 2222 ’

870 2411 1018 2463 ΙΟΛΛΟΣ.
1228 2411 1416 2464 ΘΕΡΑΠΩΝ.

871 2497 1059 2548 ΚΟΠΡΕΤΣ.
1227 2497 1426 2547 ΑΛΚΜΗΝΗ.

871 2582 1002 2633 ΧΟΡΟΣ.
1227 2581 1411 2634 ΑΓΓΕΛΟΣ.

872 2666 1068 2718 ΔΗΜΟΦΩΝ.
1228 2666 1465 2718 ΕΤΡΤΣΘΕΤΣ.

871 2750 1045 2801 ΜΛΚΑΡΙΑ.

1050 2974 1250 2982 .-----

960 3159 1329 3236 ΤΠΟΘΕΣΙΣ.

380 3364 503 3440 Ἰόλαος
532 3363 601 3440 υἱός
631 3364 688 3442 μὲν
717 3362 756 3440 ἠν
783 3363 975 3446 Ἰφικλέους,
1004 3360 1200 3443 ἀδελφιδοῦς
1229 3367 1264 3429 δὲ
1293 3365 1504 3443 Ἡρακλέους·
1534 3365 1570 3428 ἐν
1598 3347 1724 3440 νεότητι
1754 3363 1783 3426 δ’
1805 3363 1923 3444 ἐκείνῳ
1946 3377 1997 3426 συ·

297 3464 579 3544 στρατευσάμενος
600 3466 636 3529 ἐν
658 3464 740 3547 γήρᾳ
762 3468 831 3542 τοῖς
855 3464 888 3530 ἐξ
910 3465 1034 3530 ἐκείνου
1058 3467 1177 3543 βοηθὸς
1200 3465 1319 3543 εὔνους
1341 3467 1495 3546 παρέστη.
1539 3468 1605 3529 τῶν
1628 3465 1689 3543 γὰρ
1712 3464 1840 3528 παίδων
1863 3465 1898 3528 ἐξ
1921 3463 1997 3526 ἁπά-

296 3583 358 3646 σης
388 3566 615 3646 ἐλαυνομένων
638 3570 697 3644 γῆς
727 3565 780 3630 ὑπ’
803 3566 1016 3650 Εὐρυσθέως,
1045 3567 1131 3645 ἔχων
1159 3567 1279 3646 αὐτοῦς
1302 3566 1398 3646 ἦλθεν
1421 3569 1468 3645 εἰς
1497 3567 1648 3648 Ἀθήνας,
1677 3565 1765 3629 κάκεῖ
1792 3566 1997 3646 προσφυγὼν

295 3673 367 3747 τοῖς
395 3673 484 3746 θεοῖς
517 3668 596 3748 ἔσχε
624 3671 683 3747 τὴν
711 3667 912 3752 ἀσφάλειαν,
941 3670 1172 3749 Δημοφῶντος
1201 3673 1259 3747 τῆς
1286 3670 1417 3746 πόλεως
1445 3673 1653 3747 κρατοῦντος.
1699 3668 1855 3746 Κοπρέως
1887 3669 1925 3731 δὲ
1947 3671 1999 3731 τοῦ

297 3771 494 3848 Εὐρυσθέως
516 3771 654 3848 κήρυκος
671 3769 834 3837 ,ἀποσπᾶν
856 3772 1012 3849 θέλοντος
1033 3773 1114 3848 τούς
1141 3771 1245 3848 ίκέτας
1275 3771 1439 3837 ἐκώλυσεν
1467 3770 1584 3835 αὐτόν·
1630 3770 1649 3833 δ
1683 3772 1718 3834 δὲ
1747 3767 1872 3847 ἀπῆλθε
1909 3770 1998 3833 πόλε-

297 3892 358 3951 μον
386 3869 566 3948 ἀπειλήσας
593 3872 843 3950 προσδέχεσθαι.
888 3875 1059 3954 Δημοφῶν
1087 3874 1122 3936 δὲ
1144 3873 1262 3937 τούτου
1285 3875 1342 3951 μὲν
1366 3873 1538 3951 ὠλιγώρει·
1566 3879 1721 3950 χρησμῶν
1745 3873 1780 3936 δὲ
1803 3873 1897 3956 αὐτῷ
1920 3891 2000 3948 νικη-

297 3974 413 4053 φόρων
440 3974 661 4050 γενηθέντων,
690 3973 747 4037 ἐὰν
770 3973 926 4053 Δήμητρι·
942 3977 1001 4053 τὴν
1029 3973 1262 4053 εὐγενεστάτην
1290 3975 1454 4054 παρθένον
1482 3975 1608 4058 σφάξῃ,
1635 3977 1706 4051 τοῖς
1736 3973 1850 4050 λόγοις
1880 3975 2001 4052 βαρέως

296 4075 408 4153 ἔσχεν·
439 4073 513 4139 οὐτε
540 4075 602 4153 γὰρ
629 4075 711 4139 ἰδίαν
740 4073 816 4140 οὐτε
844 4079 909 4142 τῶν
932 4079 1076 4140 πολιτῶν
1104 4097 1194 4153 τινος
1222 4076 1382 4154 θυγατέρα
1404 4075 1498 4156 χάριν
1520 4079 1587 4140 τῶν
1609 4075 1723 4140 ἱκετῶν
1747 4073 1940 4139 ἀποκτεῖναι
1962 4075 2001 4136 δί-

296 4197 388 4240 καιον
417 4175 537 4253 ἡγεῖτο.
580 4177 640 4254 τὴν
668 4178 819 4254 μαντείαν
848 4177 884 4240 δὲ
911 4181 1105 4256 προγνοῦσα
1127 4176 1180 4256 μία
1202 4183 1266 4243 τῶν
1290 4177 1485 4257 Ἡρακλέους
1509 4177 1648 4248 παίδων,
1678 4177 1843 4255 Μακαρία,
1867 4178 1930 4242 τὸν
1952 4175 2002 4238 θιί·

297 4297 396 4341 νατον
425 4277 585 4355 ἑκουσίως
615 4275 747 4355 ὑπέστη.
790 4277 909 4358 ταύτην
940 4282 997 4359 μὲν
1027 4279 1086 4344 οῦν
1116 4279 1258 4357 εὐγενῶς
1287 4279 1523 4344 ἀποθανοῦσαν
1552 4278 1719 4357 ἐτίμησαν·
1748 4278 1842 4342 αὐτοὶ
1866 4281 1906 4342 δὲ
1929 4279 2003 4353 τούς

297 4380 473 4457 πολεμίους
497 4379 685 4456 ἐπιγνόντες
709 4380 873 4459 παρόντας
896 4380 941 4459 εἰς
964 4383 1023 4460 τὴν
1046 4381 1148 4462 μάχην
1174 4380 1337 4461 ὥρμησαν.

1032 4623 1262 4630 -—-—--—---—

640 4805 790 4858 ΙΟΛΑΟΣ.
1188 4861 1191 4868 ⁴
1229 4805 1285 4869 ἐγώ
1297 4806 1351 4871 γὰρ
1365 4803 1437 4860 αίδοῑ
1451 4806 1495 4858 καί
1509 4805 1543 4858 τό
1557 4805 1692 4870 συγγενὲς
1705 4805 1814 4868 σέβων,

365 4881 457 4934 Πάλαι
471 4882 536 4933 ποτ’
548 4879 608 4933 ἐστί
621 4881 702 4932 τοῦτ’
714 4879 780 4943 ἐμοί’
788 4881 970 4946 δεδογμένον,
1148 4837 1150 4921 ί
1230 4883 1294 4934 ἐξόν
1307 4883 1368 4933 κατ’
1382 4882 1483 4948 Ἀργος
1495 4881 1594 4948 ἡσύχῳ
1607 4880 1710 4946 ναίειν,
1729 4879 1832 4932 πόνων

365 4957 381 5008 ό
395 4957 446 5019 μέν
458 4955 562 5018 δίκαιος
573 4959 633 5018 τοῖς
646 4955 734 5018 πέλας
747 4956 851 5021 πέφυκ’
864 4957 951 5022 ἀνὴρ,
1231 4958 1375 5011 πλείστων
1389 4959 1526 5022 μετέσχον
1533 4955 1580 5036 ,είς
1593 4958 1666 5022 ἀνὴρ
1680 4956 1842 5022 Ἡρακλέει,

367 5033 420 5084 ὁδ’
431 5032 459 5094 ἐς
471 5032 506 5083 τό
520 5031 617 5098 κέρδος
630 5031 696 5097 λῆμ’
707 5032 782 5096 ἔχων
796 5031 944 5096 ἀνειμένον
1230 5035 1273 5086 ὅτ’
1286 5035 1321 5098 ἣν
1334 5035 1396 5098 μεθ’
1407 5034 1501 5097 ήμῶν·
1520 5035 1573 5084 νῦν
1586 5033 1611 5085 δ’
1623 5031 1686 5085 ἐπεὶ
1699 5034 1761 5084 κατ’
1772 5032 1907 5098 οὐρανόν

370 5109 451 5161 πόλει
463 5109 490 5161 τ’
502 5107 642 5174 ἄχρηστος
656 5109 701 5160 καί
714 5107 917 5161 ξυναλλάσσειν
930 5109 1028 5174 βαρὺς,
1148 5078 1150 5189 ί
1230 5108 1313 5173 ναίει,
1332 5111 1368 5161 τὰ
1381 5109 1474 5162 κείνου
1488 5109 1564 5161 τέκν’
1576 5109 1651 5174 ἔχων
1663 5109 1720 5161 ὑπὸ
1734 5113 1851 5174 πτεροῖς
1987 5122 2008 5159 ιο

368 5184 445 5250 αὐτῷ
459 5183 484 5234 δ’
496 5182 620 5250 ἀριστος·
640 5183 705 5236 οίδα
717 5184 742 5236 δ’
754 5183 788 5237 οὐ
802 5183 879 5250 λόγῳ
895 5183 1009 5248 μαθών·
1124 5201 1149 5238 τ’
1230 5186 1314 5240 σώζω
1327 5185 1397 5250 τάδ’,
1416 5186 1503 5248 αὐτός
1516 5185 1650 5249 δεόμενος
1663 5183 1814 5249 σωτηρίας.

298 5307 378 5314 ,.-
385 5305 449 5312 --.
1147 5250 1150 5267 '
1230 5260 1292 5314 ἐπεί
1305 5262 1357 5326 γάρ
1370 5261 1467 5314 αὐτῶν
1480 5263 1532 5326 γῆς
1544 5260 1711 5327 ἀπηλλάχθη
1725 5261 1835 5326 πατὴρ,

367 5364 455 5412 Huius
473 5362 587 5413 fabulae
605 5363 714 5412 codices
728 5369 793 5413 sunt
806 5363 874 5425 duo,
901 5361 962 5424 ΡΟ,
988 5362 1022 5412 de
1035 5346 1150 5440 quibusf
1231 5340 1347 5401 πρῶτον
1360 5337 1410 5400 μὲν
1423 5336 1495 5401 ἡμᾶς
1509 5337 1588 5402 ἤθελ’
1601 5335 1760 5401 Εὐρυσθεὺς
1774 5341 1912 5389 '‘mm''

299 5433 402 5482 dictum
416 5447 442 5495 p.
459 5434 515 5482 141.
549 5429 644 5481 Codex
663 5432 684 5481 P
702 5429 795 5480 finitur
813 5446 837 5479 v.
852 5433 924 5482 1002.
946 5432 1043 5480 excisis
1061 5431 1136 5480 foliis
1147 5446 1150 5493 ξ
1162 5466 1312 5474 --ψ

298 5501 415 5550 Μοὺθ·
1231 5535 1254 5582 τ.
1266 5529 1365 5596 ἡσύχῳ
1380 5529 1538 5596 Elmsleius]
1553 5530 1667 5596 ησυχως
1762 5535 1787 5582 ιι.
1801 5529 1843 5593 εις
1856 5532 1940 5598 ἀνὴρ
1952 5533 2009 5584 λιι.

370 5605 392 5652 1.
405 5599 484 5652 τοῦτ’
497 5597 571 5664 ἐμοί]
586 5598 673 5650 τοῦτό
689 5614 733 5662 μοι
747 5601 882 5650 δίοδποιιε
896 5603 935 5658 10,
952 5601 971 5648 ί.
1046 5603 1071 5650 4.
1086 5599 1136 5651 πό·
1164 5603 1191 5650 εί
1204 5615 1296 5664 apogr.
1312 5599 1447 5649 Parisina.
1472 5597 1512 5660 εἷς
1524 5597 1595 5664 ἀνὴρ
1609 5599 1650 5650 ῶν
1664 5601 1693 5649 Ρ.
1718 5595 1759 5660 εἷς
1772 5599 1815 5650 ῶν
1825 5599 1906 5666 ἀνὴρ
1914 5605 1945 5652 C.

301 5671 342 5720 λει
361 5695 392 5704 -
411 5663 628 5731 συναλλάσσειν]
648 5666 741 5731 φίλοις
759 5692 792 5704 -
810 5666 979 5720 συναλλάξαι
992 5669 1136 5719 Stobaeus.
1164 5665 1306 5731 Ἡρακλέει
1330 5665 1480 5732 Porsonus]
1500 5667 1629 5731 Ἠρακλεῖ
1651 5666 1795 5732 (Ἡρακλέϊ
1813 5669 1891 5732 Αλιλ.)
1977 5676 2009 5718 ιυ.

367 5741 390 5788 5.
404 5734 497 5806 αὐτῷ]
511 5735 590 5800 αὐτῷ
605 5735 633 5784 1³.
1148 5728 1200 5800 ίτά
1213 5733 1306 5787 κείνου
1319 5733 1483 5800 Barnesius]
1497 5733 1628 5787 τάκείνου
1642 5736 1670 5784 (¹.
1704 5733 1836 5786 κάκείνου
1850 5737 1886 5786 P.
